@comment{
    /!\ /!\ /!\ /!\ /!\ /!\ /!\ /!\ /!\ /!\ /!\ /!\ /!\
    This file is generated automatically, please do not
    edit it by hand. Manual changes may be overwritten.
}

@article{Sarkka+Alvarez+Lawrence:2019,
    author = {Särkkä, Simo and \'Alvarez, Mauricio A. and Lawrence, Neil D.},
    title = {{Gaussian} Process Latent Force Models for Learning and Stochastic Control of Physical Systems},
    journal = {IEEE Transactions on Automatic Control},
    volume = {},
    number = {},
    month = {},
    year = {2019},
}

@article{Tronarp+Garcia-Fernandez+Sarkka:2018,
    author = {Tronarp, Filip and García-Fernández, \'Angel F. and Särkkä, Simo},
    journal = {IEEE Signal Processing Letters},
    title = {Iterative Filtering and Smoothing in Nonlinear and Non-{Gaussian} Systems Using Conditional Moments},
    year = {2018},
    volume = {25},
    number = {3},
    pages = {408--412},
    doi = {10.1109/LSP.2018.2794767},
    ISSN = {1070-9908},
    month = {March},
}

@inproceedings{Pal+Coates:2018,
    author = {Pal, Soumyasundar and Coates, Mark},
    booktitle = {2018 IEEE Statistical Signal Processing Workshop (SSP)},
    title = {Sequential {MCMC} With The Discrete Bouncy Particle Sampler},
    year = {2018},
    volume = {},
    number = {},
    pages = {663-667},
    doi = {10.1109/SSP.2018.8450772},
    month = {June},
}

@article{Berzuini+Best+Gilks:1997,
    author = {Berzuini, Carlo and Best, Nicola G. and  Gilks, Walter R. and  Larizza, Cristiana},
    title = {Dynamic Conditional Independence Models and {Markov Chain Monte Carlo} Methods},
    journal = {Journal of the American Statistical Association},
    volume = {92},
    number = {440},
    pages = {1403-1412},
    year = {1997},
    doi = {10.1080/01621459.1997.10473661},
}

@article{Hoffman+Gelman:2014,
    author = {Hoffman, Matthew D. and Gelman, Andrew},
    title = {The {No-U-Turn} Sampler: Adaptively Setting Path Lengths in {Hamiltonian} {Monte Carlo}},
    journal = {Journal of Machine Learning Research},
    year = {2014},
    volume = {15},
    pages = {1593--1623},
}

@article{Carpenter+Gelman+Hoffman:2017,
    author = {Carpenter, Bob and Gelman, Andrew and Hoffman, Matthew and Lee, Daniel and Goodrich, Ben and Betancourt, Michael and Brubaker, Marcus and Guo, Jiqiang and Li, Peter and Riddell, Allen},
    title = {Stan: A Probabilistic Programming Language},
    journal = {Journal of Statistical Software, Articles},
    volume = {76},
    number = {1},
    year = {2017},
    issn = {1548-7660},
    pages = {1--32},
    doi = {10.18637/jss.v076.i01},
}

@article{Murray+Lunden+Kudlicka:2018,
    author = {Murray, Lawrence M. and Lundén, Daniel and Kudlicka, Jan and Broman, David and Schön, Thomas B.},
    title = {Delayed Sampling and Automatic Rao--Blackwellization of Probabilistic Programs},
    journal = {ArXiv e-prints},
    year = {2018},
    month = {July},
    note = {arXiv:1708.07787}
}

@article{Finke+Doucet+Johansen:2018,
    author = {Finke, Axel and Doucet, Arnaud and Johansen, Adam M.},
    title = {Limit theorems for sequential {MCMC} methods},
    journal = {ArXiv e-prints},
    year = {2018},
    month = {July},
    note = {arXiv:1807.01057}
}

@article{Yu+Xian+Chen:2018,
    author = {Yu, Fisher and Xian, Wenqi and Chen, Yingying and Liu, Fangchen and Liao, Mike and Madhavan, Vashisht and Darrell, Trevor},
    title = {{BDD100K}: A Diverse Driving Video Database with Scalable Annotation Tooling},
    journal = {ArXiv e-prints},
    year = {2018},
    month = {May},
    note = {arXiv:1805.04687}
}

@article{Levenberg:1944,
    author = {Levenberg, Kenneth},
    title = {A Method for the Solution of Certain Non-Linear Problems in Least Squares},
    journal = {Quarterly of Applied Mathematics},
    number = {2},
    pages = {164--168},
    publisher = {Brown University},
    volume = {2},
    year = {1944}
}

@article{Marquardt:1963,
    author = {Marquardt, Donald},
    title = {An Algorithm for Least-Squares Estimation of Nonlinear Parameters},
    journal = {Journal of the Society for Industrial and Applied Mathematics},
    volume = {11},
    number = {2},
    pages = {431-441},
    year = {1963},
    doi = {10.1137/0111030},
}

@techreport{Nielsen:1999,
    author = {Nielsen, Hans Bruun},
    title = {Damping Parameter in {Marquardt}'s Method},
    year = {1999},
    institution = {Technical University of Denmark}
}

@techreport{Petersen+Pedersen:2012,
    author = {Petersen, Kaare Brandt and Pedersen, Michael Syskind},
    title = {The Matrix Cookbook},
    year = {2012},
    month = {November},
    institution = {Technical University of Denmark},
}
 
@book{Gustafsson:2012,
    author = {Gustafsson, Fredrik},
    title = {Statistical Sensor Fusion},
    isbn = {978-91-44-07732-1},
    month = {},
    year = {2012},
    publisher = {Studentlitteratur},
    edition = {2}
}

@inproceedings{Tolvanen+Jylanki+Vehtari:2014,
    author = {Tolvanen, Ville and Jylänki, Pasi and Vehtari, Aki},
    booktitle = {IEEE International Workshop on Machine Learning for Signal Processing (MLSP)},
    title = {Expectation propagation for nonstationary heteroscedastic {Gaussian} process regression},
    year = {2014},
    volume = {},
    number = {},
    doi={10.1109/MLSP.2014.6958906},
    ISSN={1551-2541},
    month={September},
}

@article{Fearnhead+Meligkotsidou:2016,
    author = {Fearnhead, Paul and Meligkotsidou, Loukia},
    title = {Augmentation schemes for particle {MCMC}},
    journal = {Statistics and Computing},
    year = {2016},
    month = {November},
    volume = {26},
    number = {6},
    pages = {1293--1306},
    issn = {1573-1375},
    doi = {10.1007/s11222-015-9603-4},
}

@article{Olsson+Ryden:2011,
    author={Olsson, Jimmy and Rydén, Tobias},
    journal={IEEE Transactions on Signal Processing},
    title={{Rao--Blackwellization} of Particle {Markov} Chain {Monte Carlo} Methods Using Forward Filtering Backward Sampling},
    year={2011},
    volume={59},
    number={10},
    pages={4606--4619},
    doi={10.1109/TSP.2011.2161296},
    ISSN={1053-587X},
    month={October},
}

@book{Webster:2009,
    author = {Webster, John G.},
    title = {Medical Instrumentation: Application and Design},
    isbn = {0471676004},
    month = {February},
    year = {2009},
    publisher = {Wiley},
    edition = {4}
}

@book{Schetzen:1980,
    author = {Schetzen, Martin},
    title = {The {Volterra} and {Wiener} Theories of Nonlinear Systems},
    isbn = {0471044555},
    month = {April},
    publisher = {Wiley},
    year = {1980}
}

@inproceedings{Briers+Doucet+Singh:2005,
    author={Briers, Mark and Doucet, Arnaud and Singh, Sumeet S.},
    booktitle={7th International Conference on Information Fusion (FUSION)},
    title={Sequential Auxiliary Particle Belief Propagation},
    year={2005},
    volume={1},
    number={},
    doi={10.1109/ICIF.2005.1591923},
    ISSN={},
    month={July},
}

@article{Jylanki+Vanhatalo+Vehtari:2011,
    author = {Jylänki, Pasi and Vanhatalo, Jarno and Vehtari, Aki},
    title = {Robust {Gaussian} process regression with a {Student}-t Likelihood},
    journal = {Journal of Machine Learning Research},
    year = {2011},
    volume = {12},
    month = {November},
    pages = {3227--3257},
}

@article{Griffiths+Ghahramani:2011,
    author = {Griffiths, Thomas L. and Ghahramani, Zoubin},
    title = {The {Indian} Buffet Process: An Introduction and Review},
    journal = {Journal of Machine Learning Research},
    year = {2011},
    volume = {12},
    month = {April},
    pages = {1185--1224},
}

@article{Patton:2011,
    author = {Patton, Andrew J.},
    title = {Volatility forecast comparison using imperfect volatility proxies},
    journal = {Journal of Econometrics},
    volume = {160},
    number = {1},
    pages = {246--256},
    year = {2011},
    issn = {0304-4076},
    doi = {10.1016/j.jeconom.2010.03.034}
}

@article{Fearnhead:2005,
    author = {Paul Fearnhead},
    title = {Using Random Quasi-{Monte-Carlo} Within Particle Filters, With Application to Financial Time Series},
    journal = {Journal of Computational and Graphical Statistics},
    volume = {14},
    number = {4},
    pages = {751--769},
    year  = {2005},
    doi = {10.1198/106186005X77243},
}

@article{Roininen+Girolami+Lasanen:2016,
    author = {Roininen, Lassi and Girolami, Mark and Lasanen, Sari and Markkanen, Markku},
    title = {Hyperpriors for {Matérn} fields with applications in {Bayesian} inversion},
    journal = {ArXiv e-prints},
    year = {2016},
    month = {December},
    note = {arXiv:1612.02989v1}
}

@article{Whiteley:2010,
    author = {Whiteley, Nick},
    title = {Discussion on Particle {Markov} chain {Monte Carlo} methods},
    journal = {Journal of the Royal Statistical Society: Series B},
    volume = {72},
    issue = {3},
    pages = {306--307},
    year = {2010},
}

@techreport{Whiteley+Andrieu+Doucet:2010,
    author = {Whiteley, Nick and Andrieu, Christophe and Doucet, Arnaud},
    title = {Efficient {Bayesian} inference for switching state-space models using discrete particle {Markov} chain {Monte Carlo} methods},
    institution = {{Bristol} Statistics Research},
    year = {2010}
}

@inproceedings{Rodrigues+Pereira+Ribeiro:2014,
    title = {{Gaussian} Process Classification and Active Learning with Multiple Annotators},
    author = {Rodrigues, Filipe and Pereira, Francisco and Ribeiro, Bernardete},
    booktitle = {31st International Conference on Machine Learning (ICML)},
    pages = {433--441},
    year = {2014},
    editor = {Xing, Eric P. and Jebara, Tony},
    volume = {32},
    number = {2},
    address = {Bejing, China},
    month = {June},
}

@article{Frenay+Verleysen:2014,
    author = {B. Frenay and M. Verleysen},
    journal = {IEEE Transactions on Neural Networks and Learning Systems},
    title = {Classification in the Presence of Label Noise: A Survey},
    year = {2014},
    volume = {25},
    number = {5},
    pages = {845--869},
    doi = {10.1109/TNNLS.2013.2292894},
    ISSN = {2162-237X},
    month = {May},
}

@inproceedings{Nurminen+Piche+Godsill:2017,
    author={H. Nurminen and R. Piché and S. Godsill},
    booktitle = {20th International Conference on Information Fusion (FUSION)},
    title = {{Gaussian} flow sigma point filter for nonlinear {Gaussian} state-space models},
    year = {2017},
    volume = {},
    number = {},
    pages = {1--8},
    doi = {10.23919/ICIF.2017.8009682},
    ISSN = {},
    month = {July},
}

@article{Alspach+Sorenson:1972,
    author = {Alspach, Daniel L. and Sorenson, Harold W.},
    journal = {IEEE Transactions on Automatic Control},
    title = {Nonlinear {Bayesian} estimation using {Gaussian} sum approximations},
    year = {1972},
    volume = {17},
    number = {4},
    pages = {439--448},
    doi = {10.1109/TAC.1972.1100034},
    ISSN = {0018-9286},
    month = {August},
}

@article{Kotecha+Djuric:2003,
    author = {Kotecha, Jayesh H. and Djuri\'c, Petar M.},
    journal = {IEEE Transactions on Signal Processing},
    title = {{Gaussian} sum particle filtering},
    year = {2003},
    volume = {51},
    number = {10},
    pages = {2602--2612},
    doi = {10.1109/TSP.2003.816754},
    ISSN = {1053-587X},
    month = {October},
}

@inproceedings{Roth+Ozkan+Gustafsson:2013,
    author = {Roth, Michael and Özkan, Emre and Gustafsson, Fredrik},
    booktitle = {IEEE International Conference on Acoustics, Speech and Signal Processing (ICASSP)},
    title = {A {Student}'s t filter for heavy tailed process and measurement noise},
    year = {2013},
    volume = {},
    number = {},
    pages = {5770--5774},
    doi = {10.1109/ICASSP.2013.6638770},
    ISSN = {1520-6149},
    month = {May},
}

@inproceedings{Solin+Sarkka:2015,
    title = {State space methods for efficient inference in {S}tudent-$t$ process regression},
    author = {Solin, Arno and S\"arkk\"a, Simo},
    booktitle = {18th International Conference on Artificial Intelligence and Statistics ({AISTATS})},
    series = {{JMLR} Workshop and Conference Proceedings},
    year = {2015},
    volume = {38},
    pages = {885--893}
}

@inproceedings{Alvarez+Luengo+Lawrence:2009,
    title = {Latent Force Models},
    author = {\'Alvarez, Mauricio A. and Luengo, David and Lawrence, Neil D.},
    booktitle = {12th International Conference on Artificial Intelligence and Statistics (AISTATS)},
    pages = {9--16},
    year = {2009},
    volume = {5},
    address = {Clearwater Beach, FL},
    month = {16--18 Apr},
}

@article{Alvarez+Luengo+Lawrence:2013,
    author = {\'Alvarez, Mauricio A. and Luengo, David and Lawrence, Neil D.},
    journal = {IEEE Transactions on Pattern Analysis and Machine Intelligence},
    title = {Linear Latent Force Models Using {Gaussian} Processes},
    year = {2013},
    volume = {35},
    number = {11},
    pages = {2693--2705},
    doi = {10.1109/TPAMI.2013.86},
    ISSN = {0162-8828},
    month = {November},
}

@article{Heinonen+Yildiz+Mannerstrom:2018,
    author = {Heinonen, Markus and Yildiz, Cagatay and Mannerström, Henrik and Intosalmi, Jukka and Lähdesmäki, Harri},
    title = {Learning unknown {ODE} models with {Gaussian} processes},
    journal = {ArXiv e-prints},
    year = {2018},
    month = {March},
    note = {arXiv:1803.04303v1}
}

@article{Nurminen+Ardeshiri+Piche:2016,
    author = {Nurminen, Henri and Ardeshiri, Tohid and Piché, Robert and Gustafsson, Fredrik},
    title = {Skew-$t$ Filter and Smoother with Improved Covariance Matrix Approximation},
    journal = {ArXiv e-prints},
    year = {2016},
    month = {August},
    note = {arXiv:1608.07435v1}
}

@inproceedings{Solak+Murray-Smith+Leithead:2003,
    author = {Solak, E. and Murray-Smith, R. and Leithead, W. E. and Leith, D. J. and Rasmussen, Carl E.},
    title = {Derivative Observations in {Gaussian} Process Models of Dynamic Systems},
    booktitle = {Advances in Neural Information Processing Systems 15},
    pages = {1057--1064},
    year = {2003},
}

@inproceedings{Garcia-Fernandez+Tronarp+Sarkka:2018,
    author = {Garc\'ia-Fern\'andez, \'Angel F. and Tronarp, Filip and Särkkä, Simo},
    title = {{Gaussian} process classification using posterior linearisation},
    booktitle = {},
    year = {2018},
    month = {July},
    address = {Stockholm, Sweden},
}

@article{Nickisch+Solin+Grigorievskiy:2018,
    author = {Nickisch, Hannes and Solin, Arno and Grigorievskiy, Alexander},
    title = {State Space {Gaussian} Processes with Non-{Gaussian} Likelihood},
    journal = {ArXiv e-prints},
    month = {February},
    year = {2018},
    note = {arXiv:1802.04846v1}
}

@article{Todescato+Carron+Carli:2017,
    author = {Todescato, Marco and Carron, Andrea and Carli, Ruggero and Pillonetto, Gianluigi and Schenato, Luca},
    title = {Efficient Spatio-Temporal {Gaussian} Regression via {Kalman} Filtering},
    journal = {ArXiv e-prints},
    month = {May},
    year = {2017},
    note = {arXiv:1705.01485v1},
}

@article{Jacob+Murray+Rubenthaler:2015,
    author = {Jacob, Pierre E. and Murray, Lawrence M. and Rubenthaler, Sylvain},
    title = {Path storage in the particle filter},
    journal = {Statistics and Computing},
    year = {2015},
    month = {March},
    volume = {25},
    number = {2},
    pages = {487--496},
    issn = {1573-1375},
    doi = {10.1007/s11222-013-9445-x},
}

@article {Jabaudon+Sztajzel+Siever:2004,
    author = {Jabaudon, Denis and Sztajzel, Juan and Sievert, Katia and Landis, Theodor and Sztajzel, Roman},
    title = {Usefulness of Ambulatory 7-Day {ECG} Monitoring for the Detection of Atrial Fibrillation and Flutter After Acute Stroke and Transient Ischemic Attack},
    volume = {35},
    number = {7},
    pages = {1647--1651},
    year = {2004},
    doi = {10.1161/01.STR.0000131269.69502.d9},
    issn = {0039-2499},
    journal = {Stroke}
}

@article{Wolf+Abbott+Kannel:1991,
    author = {Wolf, Philip A. and Abbott, Robert D. and Kannel, William B.},
    title = {Atrial fibrillation as an independent risk factor for stroke: The {Framingham} Study},
    volume = {22},
    number = {8},
    pages = {983--988},
    year = {1991},
    doi = {10.1161/01.STR.22.8.983},
    issn = {0039-2499},
    journal = {Stroke}
}

@article{Nguyen+LeCorff+Moulines:2018,
    author = {Nguyen, Thi Ngoc Minh and Le Corff, Sylvain and Moulines, Eric},
    title = {On the Two-Filter Approximations of Marginal Smoothing Distributions in General State Space},
    year = {2018},
    journal = {Advances in Applied Probability},
    month = {March}
}

@PhDThesis{Briers:2007,
	title = {Improved {Monte Carlo} Methods for State-Space Models},
	author = {Mark Briers},
	year = {2007},
	school = {University of Cambridge}
}

@article{Griffiths+Ghahramani:2011,
    author = {Griffiths, Thomas L. and Ghahramani, Zoubin},
    title = {The {Indian} Buffet Process: An Introduction and Review},
    journal = {Journal of Machine Learning Research},
    year = {2011},
    volume = {12},
    month = {April},
    pages = {1185--1224},
}

@article{Kok+Hol+Schon:2017,
    author = {Kok, Manon and Hol, Jeroen D. and Schön, Thomas B.},
    title = {Using Inertial Sensors for Position and Orientation Estimation},
    year = {2017},
    volume = {11},
    journal = {Foundations and Trends in Signal Processing},
    doi = {10.1561/2000000094},
    issn = {1932-8346},
    number = {1--2},
    pages = {1--153},
}

@article{Pang+Li+Godsill:2011,
    author = {Pang, Sze Kim and Li, Jack and Godsill, Simon J.},
    journal = {IEEE Transactions on Aerospace and Electronic Systems},
    title = {Detection and Tracking of Coordinated Groups},
    year = {2011},
    volume = {47},
    number = {1},
    pages = {472--502},
    doi = {10.1109/TAES.2011.5705687},
    ISSN = {0018-9251},
    month = {January},
}

@inproceedings{Bugallo+Lu+Djuric:2007,
    author = {Bugallo, Monica F. and Lu, Ting and Djuri\'c, Petar M.},
    booktitle = {2007 IEEE Aerospace Conference},
    title = {Target Tracking by Multiple Particle Filtering},
    year = {2007},
    volume = {},
    number = {},
    pages = {},
    doi = {10.1109/AERO.2007.353042},
    ISSN = {1095-323X},
    month = {March},
}

@inproceedings{Djuric+Lu+Bugallo:2007,
    author = {Djuri\'c, Petar M. and Lu, Ting and Bugallo, Monica F.},
    booktitle = {2007 IEEE International Conference on Acoustics, Speech and Signal Processing (ICASSP)},
    title = {Multiple Particle Filtering},
    year = {2007},
    volume = {3},
    number = {},
    pages = {1181--1184},
    doi = {10.1109/ICASSP.2007.367053},
    ISSN = {1520-6149},
    month = {April},
}

@article{McSharry+Clifford+Tarassenko:2003,
    author = {McSharry, Patrick E. and Clifford, Gari D. and Tarassenko, Lionel and Smith, Leonard A.},
    journal = {IEEE Transactions on Biomedical Engineering},
    title = {A dynamical model for generating synthetic electrocardiogram signals},
    year = {2003},
    volume = {50},
    number = {3},
    pages = {289--294},
    doi = {10.1109/TBME.2003.808805},
    ISSN = {0018-9294},
    month = {March},
}

@article{Sameni+Shamsollahi+Jutten:2007,
    author = {Sameni, Reza and Shamsollahi, Mohammad B. and Jutten, Christian and Clifford, Gari D.},
    journal = {IEEE Transactions on Biomedical Engineering},
    title = {A Nonlinear {Bayesian} Filtering Framework for {ECG} Denoising},
    year = {2007},
    volume = {54},
    number = {12},
    pages = {2172--2185},
    doi = {10.1109/TBME.2007.897817},
    ISSN = {0018-9294},
    month = {Decenber},
}

@article{Gumbinger+Krumsdorf+Veltkamp:2012,
    author = {Gumbinger, C. and Krumsdorf, U. and Veltkamp, R. and Hacke, W. and Ringleb, P.},
    title = {Continuous monitoring versus {Holter} {ECG} for detection of atrial fibrillation in patients with stroke},
    journal = {European Journal of Neurology},
    volume = {19},
    number = {2},
    issn = {1468-1331},
    doi = {10.1111/j.1468-1331.2011.03519.x},
    pages = {253--257},
    year = {2012},
}

@article {Grond+Jauss+Hamann:2013,
	author = {Grond, Martin and Jauss, Marek and Hamann, Gerhard and Stark, Erwin and Veltkamp, Roland and Nabavi, Darius and Horn, Markus and Weimar, Christian and K{\"o}hrmann, Martin and Wachter, Rolf and Rosin, Ludger and Kirchhof, Paulus},
	title = {Improved Detection of Silent Atrial Fibrillation Using 72-Hour {Holter} {ECG} in Patients With Ischemic Stroke},
	year = {2013},
    volume = {44}, 
    number = {12},
	doi = {10.1161/STROKEAHA.113.001884},
	issn = {0039-2499},
	journal = {Stroke}
}

@article{Alonso+Shuster:2002,
    title = {Attitude-independent magnetometer-bias determination: A survey},
    author = {Alonso, Roberto and Shuster, Malcolm D.},
    journal = {Journal of the Astronautical Sciences},
    volume = {50},
    number = {4},
    pages = {453-476},
    year = {2002},
}

@article{Vullings+deVries+Bergmans:2011,
    author = {Vullings, Rik and de Vries, Bert and Bergmans, Jan W. M.},
    journal = {IEEE Transactions on Biomedical Engineering},
    title = {An Adaptive {Kalman} Filter for {ECG} Signal Enhancement},
    year = {2011},
    volume = {58},
    number = {4},
    pages = {1094--1103},
    doi = {10.1109/TBME.2010.2099229},
    ISSN = {0018-9294},
    month = {April},
}

@book{Titterton+Weston:2004,
    author = {Titterton, David and Weston, John},
    title = {Strapdown Inertial Navigation Technology},
    year = {2004},
    edition = {2},
    ISBN = {978-0-86341358-2},
    publisher = {The Institution of Engineering and Technology},
}

@article{Skog+Handel+Nilsson:2010,
    author = {Skog, Isaac and Händel, Peter and Nilsson, John-Olof and Rantakokko, Jouni},
    journal = {IEEE Transactions on Biomedical Engineering},
    title = {Zero-Velocity Detection --- An Algorithm Evaluation},
    year = {2010},
    volume = {57},
    number = {11},
    pages = {2657--2666},
    doi = {10.1109/TBME.2010.2060723},
    ISSN = {0018-9294},
    month = {November},
}

@inproceedings{Nilsson+Gupta+Handel:2014,
    author = {Nilsson, John-Olof and Gupta, Amit K. and Händel, Peter},
    booktitle = {5th International Conference on Indoor Positioning and Indoor Navigation (IPIN)},
    title = {Foot-mounted inertial navigation made easy},
    year = {2014},
    volume = {},
    number = {},
    pages = {24--29},
    doi = {10.1109/IPIN.2014.7275464},
    ISSN = {},
    month = {October},
}

@article{Kok+Schon:2016,
    author = {Kok, Manon and Schön, Thomas B.},
    journal = {IEEE Sensors Journal},
    title = {Magnetometer Calibration Using Inertial Sensors},
    year = {2016},
    volume = {16},
    number = {14},
    pages = {5679--5689},
    doi = {10.1109/JSEN.2016.2569160},
    ISSN = {1530-437X},
    month = {July},
}

@article{Webster:1984,
    author = {Webster, John G.},
    journal = {IEEE Transactions on Biomedical Engineering},
    title = {Reducing Motion Artifacts and Interference in Biopotential Recording},
    year = {1984},
    volume = {BME-31},
    number = {12},
    pages = {823-826},
    doi = {10.1109/TBME.1984.325244},
    ISSN = {0018-9294},
    month = {December},
}

@article{Sweeney+Ward+McLoone:2012,
    author = {Sweeney, Kevin T. and Ward, Tomás E. and McLoone, Seán F.},
    journal = {IEEE Transactions on Information Technology in Biomedicine},
    title = {Artifact Removal in Physiological Signals --- Practices and Possibilities},
    year = {2012},
    volume = {16},
    number = {3},
    pages = {488--500},
    doi = {10.1109/TITB.2012.2188536},
    ISSN = {1089-7771},
    month = {May},
}

@inproceedings{Heuer+Martinez+Fuhrhop:2009,
    author = {Heuer, Stephan and Martinez, David Rodriguez and Fuhrhop, Silvester and Ottenbacher, Jörg},
    booktitle = {IEEE Biomedical Circuits and Systems Conference},
    title = {Motion artefact correction for capacitive {ECG} measurement},
    year = {2009},
    volume = {},
    number = {},
    pages = {113--116},
    doi = {10.1109/BIOCAS.2009.5372067},
    ISSN = {2163-4025},
    month = {November},
}

@inproceedings{Raya+Sison:2002,
    author = {Raya, M. A. D. and Sison, L. G.},
    booktitle = {24th International Conference of the IEEE Engineering in Medicine and Biology Society},
    title = {Adaptive noise cancelling of motion artifact in stress {ECG} signals using accelerometer},
    year = {2002},
    volume = {2},
    number = {},
    pages = {1756--1757},
    doi = {10.1109/IEMBS.2002.1106637},
    ISSN = {1094-687X},
    month = {},
}

@inproceedings{Milanesi+Martini+Vanello:2006,
    author = {Milanesi, M. and Martini, N. and Vanello, N. and Positano, V. and Santarelli, M. F. and Paradiso, R. and De Rossi, D. and Landini, L.},
    booktitle = {28th International Conference of the IEEE Engineering in Medicine and Biology Society},
    title = {Multichannel Techniques for Motion Artifacts Removal from Electrocardiographic Signals},
    year = {2006},
    volume = {},
    number = {},
    pages = {3391--3394},
    doi = {10.1109/IEMBS.2006.260464},
    ISSN = {1557-170X},
    month = {August},
}

@inproceedings{Kishimoto+Kutsuna+Oguri:2007,
    author = {Kishimoto, Yoshifumi and Kutsuna, Yasunari and Oguri, Koji},
    booktitle = {29th International Conference of the IEEE Engineering in Medicine and Biology Society},
    title = {Detecting Motion Artifact {ECG} Noise During Sleeping by Means of a Tri-axis Accelerometer},
    year = {2007},
    volume = {},
    number = {},
    pages = {2669--2672},
    doi = {10.1109/IEMBS.2007.4352878},
    ISSN = {1094-687X},
    month = {August}
}

@inproceedings{Tong+Bartels+Honeyager:2002,
    author={Tong, D. A. and Bartels, K. A. and Honeyager, K. S.},
    booktitle = {24th International Conference of the IEEE Engineering in Medicine and Biology Society},
    title = {Adaptive reduction of motion artifact in the electrocardiogram},
    year = {2002},
    volume = {2},
    number = {},
    pages = {1403--1404},
    doi = {10.1109/IEMBS.2002.1106451},
    ISSN = {1094-687X}
}

@inproceedings{Ottenbacher+Heuer:2010,
    author = {Ottenbacher, Jörg and Heuer, Stephan},
    title = {Motion Artefacts in Capacitively Coupled {ECG} Electrodes},
    booktitle = {World Congress on Medical Physics and Biomedical Engineering},
    year = {2010},
    pages = {1059--1062},
    ISBN = {978-3-642-03882-2}
}

@article{Lee+McManus+Merchant:2012,
    author = {Lee, Jinseok and McManus, David D. and Merchant, Sneh and Chon, Ki H.},
    journal = {IEEE Transactions on Biomedical Engineering},
    title = {Automatic Motion and Noise Artifact Detection in Holter {ECG} Data Using Empirical Mode Decomposition and Statistical Approaches},
    year = {2012},
    volume = {59},
    number = {6},
    pages = {1499--1506},
    doi = {10.1109/TBME.2011.2175729},
    ISSN = {0018-9294},
    month = {June},
}

@article{Pawar+Chaudhuri+Duttagupta:2007,
    author = {Pawar, Tanmay and Chaudhuri, Subhasis and Duttagupta, Siddhartha P.},
    journal = {IEEE Transactions on Biomedical Engineering},
    title = {Body Movement Activity Recognition for Ambulatory Cardiac Monitoring},
    year = {2007},
    volume = {54},
    number = {5},
    pages = {874--882},
    doi = {10.1109/TBME.2006.889186},
    ISSN = {0018-9294},
    month = {May},
}

@article{Poungponsri+Yu:2013,
    author = {Poungponsri, Suranai and Yu, Xiao-Hua},
    title = {An adaptive filtering approach for electrocardiogram ({ECG}) signal noise reduction using neural networks},
    journal = {Neurocomputing},
    volume = {117},
    pages = {206--213},
    year = {2013},
    issn = {0925-2312},
    doi = {10.1016/j.neucom.2013.02.010},
}

@article{Awad+Narang+Siddarth:2017,
    author = {Awad, Armand and Narang-Siddarth, Anshu},
    title = {On Timescale Separation in Networked Systems With Intermittent Communication},
    journal = {Journal of Dynamic Systems, Measurement, and Control},
    issue = {5},
    volume = {140},
    year = {2017},
    month = {December},
    doi = {10.1115/1.4038096},
}

@article{GaoKammerZalluhoglu2015SCL,
    author = {Gao, Qingbin and Kammer, Ayhan S. and Zalluhoglu, Umut and Olgac, Nejat},
    title = {Combination of sign inverting and delay scheduling control concepts for multiple-delay dynamics},
    journal = {Systems \& Control Letters},
    volume = {77},
    pages = {55--62},
    year = {2015},
    issn = {0167-6911},
    doi = {10.1016/j.sysconle.2015.01.001},
}

@article{GaoOlgac2017,
    author = {Gao, Qingbin and Olgac, Nejat},
    title = {Stability analysis for {LTI} systems with multiple time delays using the bounds of its imaginary spectra},
    journal = {Systems \& Control Letters},
    volume = {102},
    pages = {112--118},
    year = {2017},
    issn = {0167-6911},
    doi = {10.1016/j.sysconle.2017.02.003},
}

@article{GaoKammerZalluhoglu2015,
    author = {Gao, Qingbin and Kammer, Ayhan S. and Zalluhoglu, Umut and Olgac, Nejat},
    journal = {IEEE Transactions on Automatic Control},
    title = {Critical Effects of the Polarity Change in Delayed States Within an {LTI} Dynamics With Multiple Delays},
    year = {2015},
    volume = {60},
    number = {11},
    pages = {3018--3022},
    doi = {10.1109/TAC.2015.2408553},
    issn = {0018-9286},
    month = {November},
}

@article{GaoOlgac2016,
    author = {Gao, Qingbin and Olgac, Nejat},
    title = {Bounds of imaginary spectra of {LTI} systems in the domain of two of the multiple time delays},
    journal = {Automatica},
    volume = {72},
    pages = {235--241},
    year = {2016},
    issn = {0005-1098},
    doi = {10.1016/j.automatica.2016.05.011},
}

@article{BerntorpRobertssonArzen2014,
    author = {Berntorp, Karl and Robertsson, Anders and Årzén, Karl-Erik},
    journal = {IEEE Transactions on Signal Processing},
    title = {{Rao--Blackwellized} Particle Filters With Out-of-Sequence Measurement Processing},
    year = {2014},
    volume = {62},
    number = {24},
    pages = {6454--6467},
    doi = {10.1109/TSP.2014.2365763},
    issn = {1053-587X},
    month = {December},
}

@article{XiaoHavyarimanaLi2016,
    author = {Xiao, Zhu and Havyarimana, Vincent and Li, Tong and Wang, Dong},
    title = {A Nonlinear Framework of Delayed Particle Smoothing Method for Vehicle Localization under Non-{Gaussian} Environment},
    journal = {Sensors},
    volume = {16},
    year = {2016},
    number = {5},
    issn = {1424-8220},
    doi = {10.3390/s16050692}
}

@inproceedings{NoelSchoukens2016,
    author = {Noël, Jean-Philippe and Schoukens, Maarten},
    title = {Hysteretic benchmark with a dynamic nonlinearity},
    booktilte = {Workshop on Nonlinear System Identification Benchmarks},
    pages = {7--14},
    address = {Brussels, Belgium},
    month = {April},
    year = {2016}
}

@article {Mercer1909,
    author = {Mercer, James},
    title = {Functions of positive and negative type, and their connection with the theory of integral equations},
    volume = {209},
    number = {441-458},
    pages = {415--446},
    year = {1909},
    doi = {10.1098/rsta.1909.0016},
    issn = {0264-3952},
    journal = {Philosophical Transactions of the Royal Society of London A: Mathematical, Physical and Engineering Sciences}
}

@article{Batz+Ruttor+Opper:2017,
    author = {Batz, Philipp and Ruttor, Andreas and Opper, Manfred},
    title = {Approximate {Bayes} learning of stochastic differential equations},
    journal = {ArXiv e-prints},
    year = {2017},
    month = {February},
    note = {arXiv:1702.05390v1}
}

@inproceedings{Ruttor+Batz+Opper:2013,
    author = {Ruttor, Andreas and Batz, Philipp and Opper, Manfred},
    title = {Approximate {Gaussian} process inference for the drift function in stochastic differential equations},
    booktitle = {Advances in Neural Information Processing Systems 26},
    pages = {2040--2048},
    year = {2013},
}

@inproceedings{EsfahaniDreesenTiels2017,
    author = {Esfahani, Alireza Fakhrizadeh and Dreesen, Philippe and Tiels, Koen and Noël, Jean-Philippe and Schoukens, Johan},
    title = {Polynomial State-Space Model Decoupling for the Identification of Hysteretic Systems},
    pages = {458--463},
    year = {2017},
    booktitle = {20th IFAC World Congress},
    issn = {2405-8963},
    doi = {10.1016/j.ifacol.2017.08.082},
}

@inproceedings{SchoukensNoel2017,
    author = {Schoukens, Maarten and Noël, Jean-Philippe},
    title = {Three Benchmarks Addressing Open Challenges in Nonlinear System Identification},
    pages = {446--451},
    year = {2017},
    booktitle = {20th IFAC World Congress},
    issn = {2405-8963},
    doi = {10.1016/j.ifacol.2017.08.071},
}

@inproceedings{SvenssonSchonSolin2015,
    author = {Svensson, Andreas and Schön, Thomas B. and Solin, Arno and Särkkä, Simo},
    booktitle = {2015 IEEE 6th International Workshop on Computational Advances in Multi-Sensor Adaptive Processing (CAMSAP)},
    title = {Nonlinear state space model identification using a regularized basis function expansion},
    year = {2015},
    volume = {},
    number = {},
    pages = {481--484},
    doi = {10.1109/CAMSAP.2015.7383841},
    month = {December},
}

@inproceedings{WesterbornOlsson2014,
    author = {Westerborn, Johan and Olsson, Jimmy},
    title = {Efficient particle-based online smoothing in general hidden {Markov} models},
    booktitle = {IEEE International Conference on Acoustics, Speech and Signal Processing (ICASSP)},
    pages = {8003--8007},
    month = {May},
    year = {2014}
}

@article{OlssonWesterborn2017,
    author = {Olsson, Jimmy and Westerborn, Johan},
    title = {Efficient particle-based online smoothing in general hidden {Markov} models: The {PaRIS} algorithm},
    journal = {Bernoulli},
    volume = {23},
    issue = {3},
    pages = {1951--1996},
    month = {August},
    year = {2017}
}

@article{Lindsten+Schon:2013,
    author = {Lindsten, Fredrik and Schön, Thomas Bo},
    title = {Backward simulation methods for {Monte Carlo} statistical inference},
    journal = {Foundations and Trends in Machine Learning},
    volume = {6},
    issue = {1},
    pages = {1--143},
    year = {2013}
}

@inproceedings{NaessethLindstenSchon2015,
    author = {Naesseth, Christian and Lindsten, Fredrik and Schön, Thomas Bo},
    title = {Nested sequential {Monte Carlo} methods},
    booktitle = {32nd International Conference on Machine Learning (ICML)},
    pages = {1292--1301},
    address = {Lille, France},
    month = {July},
    year = {2015}
}

@article{VanhataloRiihimakiHartikainen2013,
    author = {Vanhatalo, Jarno and Riihimäki, Jaakko and Hartikainen, Jouni and Jylänki, Pasi and Tolvanen, Ville and Vehtari, Aki},
    title = {{GPstuff}: {Bayesian} Modeling with {Gaussian} Processes},
    journal = {Journal of Machine Learning Research},
    year = {2013},
    volume = {14},
    month = {April},
    pages = {1175--1179},
}

@inproceedings{HensmanMatthewsGhahramani2015,
    title = {{Scalable Variational {Gaussian} Process Classification}},
    author = {Hensman, James and Matthews, Alexander and Ghahramani, Zoubin},
    booktitle = {18th International Conference on Artificial Intelligence and Statistics (AISTATS)},
    pages = {351--360},
    year = {2015},
    volume = {38},
    month = {May},
}

@article{CamelettiIgnaccoloBande2011,
    author = {Cameletti, Michela and Ignaccolo, Rosaria and Bande, Stefano},
    title = {Comparing spatio-temporal models for particulate matter in {Piemonte}},
    journal = {Environmetrics},
    volume = {22},
    number = {8},
    doi = {10.1002/env.1139},
    pages = {985--996},
    year = {2011},
}

@article{Opper+Archambeau:2009,
    author = {Opper, Manfred and Archambeau, Cédric},
    title = {The Variational {Gaussian} Approximation Revisited},
    journal = {Neural Computation},
    volume = {21},
    number = {3},
    pages = {786--792},
    year = {2009},
    doi = {10.1162/neco.2008.08-07-592},
}

@article{Nickisch+Rasmussen:2008,
    author = {Nickisch, Hannes and Rasmussen, Carl Edward},
    title = {Approximations for Binary {Gaussian} Process Classification},
    journal = {Journal of Machine Learning Research},
    year = {2008},
    volume = {9},
    pages = {2035--2078},
    month = {October}
}

@article{Kuss+Rasmussen:2005,
    author = {Kuss, Malte and Rasmussen, Carl Edward},
    title = {Assessing Approximate Inference for Binary {Gaussian} Process Classification},
    journal = {Journal of Machine Learning Research},
    year = {2005},
    volume = {6},
    pages = {1679--1704},
    month = {October}
}

@article{Williams+Barber:1998,
    author = {Williams, Christopher K. I. and Barber, David},
    journal = {IEEE Transactions on Pattern Analysis and Machine Intelligence},
    title = {Bayesian classification with {Gaussian} processes},
    year = {1998},
    volume = {20},
    number = {12},
    pages = {1342--1351},
    doi = {10.1109/34.735807},
    ISSN = {0162-8828},
    month = {December},
}

@inproceedings{Andrieu+DeFreitas+Doucet:2002,
    title = {{Rao--Blackwellised} Particle Filtering via Data Augmentation},
    author = {Andrieu, Christophe and De Freitas, Nando and Doucet, Arnaud},
    booktitle = {Advances in Neural Information Processing Systems 14},
    pages = {561--567},
    year = {2002},
    publisher = {MIT Press},
}

@article{Chopin+Singh:2015,
    author = {Chopin, Nicolas and Singh, Sumeetpal S.},
    title = {On particle {Gibbs} sampling},
    doi = {10.3150/14-BEJ629},
    journal = {Bernoulli},
    month = {August},
    number = {3},
    pages = {1855--1883},
    volume = {21},
    year = {2015}
}

@article{Sommariva+Sorrentino:2014,
    author = {Sommariva, Sara and Sorrentino, Alberto},
    title = {Sequential {Monte Carlo} samplers for semi-linear inverse problems and application to magnetoencephalography},
    journal = {Inverse Problems},
    volume = {30},
    number = {11},
    doi = {10.1088/0266-5611/30/11/114020},
    year = {2014},
}

@article{Geiger+Lenz+Stiller:2013,
  author = {Geiger, Andreas and Lenz, Philip and Stiller, Christoph and Urtasun, Raquel},
  title = {Vision meets Robotics: The {KITTI} Dataset},
  journal = {International Journal of Robotics Research (IJRR)},
  year = {2013}
}

@article{Gramfort+Luessi+Larson:2014,
    author = {Gramfort, Alexandre and Luessi, Martin and Larson, Eric and Engemann, Denis A. and Strohmeier, Daniel and Brodbeck, Christian and Parkkonen, Lauri and Hämäläinen, Matti S.},
    title = {{MNE} software for processing {MEG} and {EEG} data},
    journal = {NeuroImage},
    volume = {86},
    number = {},
    pages = {446--460},
    year = {2014},
    issn = {1053-8119},
    doi = {10.1016/j.neuroimage.2013.10.027},
}

@inproceedings{MirowskiHoYi2013,
    author = {Mirowski, Piotr and Ho, Tin Kam and Yi, Saehoon and MacDonald, Michael},
    booktitle = {International Conference on Indoor Positioning and Indoor Navigation},
    title = {{SignalSLAM:} Simultaneous localization and mapping with mixed {WiFi}, {Bluetooth}, {LTE} and magnetic signals},
    year = {2013},
    doi = {10.1109/IPIN.2013.6817853},
    month = {October},
}

@article{Zhang+Pi+Liu:2015,
    author = {Zhang, Zhilin and Pi, Zhouyue and Liu, Benyuan},
    journal = {IEEE Transactions on Biomedical Engineering},
    title = {{TROIKA:} A General Framework for Heart Rate Monitoring Using Wrist-Type Photoplethysmographic Signals During Intensive Physical Exercise},
    year = {2015},
    volume = {62},
    number = {2},
    pages = {522--531},
    doi = {10.1109/TBME.2014.2359372},
    ISSN = {0018-9294},
    month = {February},
}

@inproceedings{Hirscher+Scheel+Reuter:2016,
    author = {Hirscher, Tobias and Scheel, Alexander and Reuter, Stephan and Dietmayer, Klaus},
    booktitle = {19th International Conference on Information Fusion (FUSION)},
    title = {Multiple extended object tracking using {Gaussian} processes},
    year = {2016},
    pages = {868--875},
    month={July},
}

@article{Granstrom+Baum+Reuter:2017,
    author = {Granström, Karl and Baum, Marcus and Reuter, Stephan},
    title = {Extended Object Tracking: Introduction, Overview, and Applications},
    journal = {Journal of Advances in Information Fusion},
    year = {2017},
    month = {December},
    volume = {12},
    issue = {2},
    pages = {139--174},
    note = {}
}

@article{Durmus+Moulines+Saksman:2017,
    author = {Durmus, Alain and Moulines, Eric and Saksman, Eero},
    title = {On the Convergence of {Hamiltonian Monte Carlo}},
    journal = {ArXiv e-prints},
    year = {2017},
    month = {April},
    note = {arXiv:1705.00166v1}
}

@inproceedings{Lindsten+Schon:2012,
    author={Lindsten, Fredrik and Schön, Thomas B.},
    booktitle={IEEE International Conference on Acoustics, Speech and Signal Processing (ICASSP)},
    title={On the use of backward simulation in the particle {Gibbs} sampler},
    year={2012},
    pages={3845--3848},
    doi={10.1109/ICASSP.2012.6288756},
    ISSN={1520-6149},
    month={March},
}

@inproceedings{Hartikainen+Seppanen+Sarkka:2012,
    author = {Hartikainen, Jouni and Seppänen, Mari and Särkkä, Simo},
    title = {State-Space Inference for Non-Linear Latent Force Models with Application to Satellite Orbit Prediction},
    booktitle = {29th International Conference on Machine Learning (ICML)},
    year = {2012},
    month = {July},
    pages = {903--910}
}

@article{DeFreitas+Septier+Mihaylova:2015,
    author = {De Freitas, Allan and Septier, Fran\c{c}ois and Mihaylova, Lyudmila},
    title = {Sequential {Markov chain Monte Carlo} for {Bayesian} Filtering with Massive Data},
    journal = {ArXiv e-prints},
    year = {2015},
    month = {December},
    note = {arXiv:1512.02452v1}
}

@article{Chen+Sarkka+Godsill:2015,
    author = {Chen, Xi and Särkkä, Simo and Godsill, Simon},
    title = {A {Bayesian} particle filtering method for brain source localisation},
    journal = {Digital Signal Processing},
    volume = {47},
    number = {},
    pages = {192--204},
    year = {2015},
    issn = {1051-2004},
    doi = {10.1016/j.dsp.2015.06.007},
}

@article{Mbalawata+Sarkka+Haario:2013,
    author = {Mbalawata, Isambi S. and Särkkä, Simo and Haario, Heikki},
    title = {Parameter estimation in stochastic differential equations with {Markov chain Monte Carlo} and non-linear {Kalman} filtering},
    journal = {Computational Statistics},
    year = {2013},
    month = {June},
    volume = {28},
    number = {3},
    pages = {1195--1223},
    issn = {1613-9658},
    doi = {10.1007/s00180-012-0352-y},
}

@inproceedings{Sarkka+Moulines:2016,
    author = {Särkkä, Simo and Moulines, Eric},
    booktitle = {IEEE International Conference on Acoustics, Speech and Signal Processing (ICASSP)},
    title = {On the {Lp}-convergence of a {Girsanov} theorem based particle filter},
    year = {2016},
    pages = {3989--3993},
    doi = {10.1109/ICASSP.2016.7472426},
    month = {March},
}

@article{Rebeschini+VanHandel:2015,
    author = {Rebeschini, Patrick and van Handel, Ramon},
    title = {Can local particle filters beat the curse of dimensionality?},
    doi = {10.1214/14-AAP1061},
    journal = {The Annals of Applied Probability},
    month = {October},
    number = {5},
    pages = {2809--2866},
    volume = {25},
    year = {2015}
}

@inproceedings{Snyder:2011,
    author = {Snyder, Chris},
    title = {Particle filters, the ``optimal'' proposal and high-dimensional systems},
    year = {2011},
    booktitle = {Proceedings of the ECMWF Seminar on Data Assimilation for Atmosphere and Ocean},
}

@article{Brockwell+DelMoral+Doucet:2010,
    author = {Brockwell, Anthony and Del Moral, Pierre and Doucet, Arnaud},
    title = {Sequentially interacting {Markov chain Monte Carlo} methods},
    doi = {10.1214/09-AOS747},
    journal = {The Annals of Statistics},
    month = {December},
    number = {6},
    pages = {3387--3411},
    volume = {38},
    year = {2010}
}

@article{Mihaylova+Hegyi+Gning:2012,
    author = {Mihaylova, Lyudmila and Hegyi, Andreas and Gning, Amadou and Boel, René K.},
    journal = {IEEE Transactions on Intelligent Transportation Systems},
    title = {Parallelized Particle and {Gaussian} Sum Particle Filters for Large-Scale Freeway Traffic Systems},
    year = {2012},
    volume = {13},
    number = {1},
    pages = {36--48},
    doi = {10.1109/TITS.2011.2178833},
    ISSN = {1524-9050},
    month = {March},
}

@incollection{Septier+Peters:2015,
    author = {Septier, Fran\c{c}ois and Peters, Gareth William},
    editor = {Peters, Gareth William and Matsui, Tomoko},
    title = {An Overview of Recent Advances in {Monte-Carlo} Methods for {Bayesian} Filtering in High-Dimensional Spaces},
    booktitle = {Theoretical Aspects of Spatial-Temporal Modeling},
    year = {2015},
    publisher = {Springer Japan},
    address = {Tokyo},
    pages = {31--61},
    isbn = {978-4-431-55336-6},
    doi = {10.1007/978-4-431-55336-6_2},
}

@article{Durmus+Roberts+Vilmart:2017,
    author = {Durmus, Alain and Roberts, Gareth O. and Vilmart, Gilles and Zygalakis, Konstantinos C.},
    title = {Fast {Langevin} based algorithm for {MCMC} in high dimensions},
    doi = {10.1214/16-AAP1257},
    journal = {The Annals of Applied Probability},
    month = {August},
    number = {4},
    pages = {2195--2237},
    volume = {27},
    year = {2017}
}

@article{Dahlin+Lindsten+Schon:2015,
    author = {Dahlin, Johan and Lindsten, Fredrik and Schön, Thomas Bo},
    title = {Particle {Metropolis--Hastings} using gradient and {Hessian} information},
    journal = {Statistics and Computing},
    year = {2015},
    month = {January},
    volume = {25},
    number = {1},
    pages = {81--92},
    issn = {1573-1375},
    doi = {10.1007/s11222-014-9510-0},
}

@article{Douc+Moulines:2008,
    author = {Douc, Randal and Moulines, Eric},
    title = {Limit theorems for weighted samples with applications to sequential {Monte Carlo} methods},
    doi = {10.1214/07-AOS514},
    journal = {The Annals of Statistics},
    month = {October},
    number = {5},
    pages = {2344--2376},
    volume = {36},
    year = {2008}
}

@book{Jazwinski:1970,
    author = {Jazwinski, Andrew H.},
    title = {Stochastic Processes and Filtering Theory},
    year = {1970},
    publisher = {Academic Press},
    address = {New York, NY, USA},
    ISBN = {0-486-46274-9},
}

@book{Cappe+Moulines+Ryden:2005,
    author = {Cappé, Olivier and Moulines, Eric and Rydén, Tobias},
    title = {Inference in Hidden {Markov} Models},
    year = {2005},
    publisher = {Springer},
    address = {New York, NY, USA},
    ISBN = {978-0-387-40264-2}
}

@inproceedings{Djuric+Bugallo:2013,
    author = {Djuri\'c, Petar M. and Bugallo, M\'onica F.},
    booktitle = {5th IEEE International Workshop on Computational Advances in Multi-Sensor Adaptive Processing (CAMSAP)},
    title = {Particle filtering for high-dimensional systems},
    year = {2013},
    pages = {352--355},
    doi = {10.1109/CAMSAP.2013.6714080},
    month = {December},
}

@article{Closas+Bugallo:2012,
    author = {Closas, Pau and Bugallo, M\'onica F.},
    journal = {IEEE Signal Processing Letters},
    title = {Improving Accuracy by Iterated Multiple Particle Filtering},
    year = {2012},
    volume = {19},
    number = {8},
    pages = {531--534},
    doi = {10.1109/LSP.2012.2205565},
    ISSN = {1070-9908},
    month = {August},
}

@article{Septier+Peters:2016,
    author = {Septier, Fran\c{c}ois and Peters, Gareth W.},
    journal = {IEEE Journal of Selected Topics in Signal Processing},
    title = {{Langevin} and {Hamiltonian} Based Sequential {MCMC} for Efficient {Bayesian} Filtering in High-Dimensional Spaces},
    year = {2016},
    volume = {10},
    number = {2},
    pages = {312--327},
    doi = {10.1109/JSTSP.2015.2497211},
    ISSN = {1932-4553},
    month = {March}
}

@inproceedings{Pileggi+Bocquel+Podt:2017,
    author = {Pileggi, Paolo and Bocquel, Mélanie and Podt, Martin},
    booktitle = {20th International Conference on Information Fusion (FUSION)},
    title = {Integrated processing for extended target tracking using sequential {Hamiltonian Monte Carlo}},
    year = {2017},
    doi = {10.23919/ICIF.2017.8009675},
    month = {July},
}

@inproceedings{IglesiasGarcia+Bocquel+Driessen:2015,
    author = {Iglesias Garc\'ia, Fernando J. and Bocquel, Mélanie and Driessen, Hans},
    booktitle = {18th International Conference on Information Fusion (FUSION)},
    title = {{Langevin Monte Carlo} filtering for target tracking},
    year = {2015},
    pages = {82--89},
    month = {July},
}

@article{Saha+Mandal+Boers:2009,
    author = {Saha, S. and Mandal, P. K. and Boers, Y. and Driessen, H. and Bagchi, A.},
    title = {{Gaussian} proposal density using moment matching in {SMC} methods},
    journal = {Statistics and Computing},
    year = {2009},
    month = {June},
    volume = {19},
    number = {2},
    pages = {203--208},
    issn = {1573-1375},
    doi = {10.1007/s11222-008-9084-9}
}

@article{Snyder+Bengtsson+Bickel:2008,
    author = {Snyder, Chris and Bengtsson, Thomas and Bickel, Peter and Anderson, Jeff},
    title = {Obstacles to High-Dimensional Particle Filtering},
    journal = {Monthly Weather Review},
    volume = {136},
    number = {12},
    pages = {4629--4640},
    year = {2008},
    doi = {10.1175/2008MWR2529.1},

}

@incollection{Neal:2011,
    author = {Neal, Radford M.},
    title = {{MCMC} using {Hamiltonian} Dynamics},
    booktitle = {Handbook of {Markov Chain Monte Carlo}},
    editor = {Brooks, Steve and Gelman, Andrew and Jones, Galin L. and Meng, Xiao-Li},
    year = {2011},
    month = {May},
    pages = {113--162},
    ISBN = {978-1420079418},
    publisher = {Chapman and Hall/CRC}
}

@inproceedings{TenneSingh2003,
    author = {Tenne, Dirk and Singh, Tarunraj},
    booktitle = {American Control Conference (ACC)},
    title = {The higher order unscented filter},
    year = {2003},
    volume = {3},
    pages = {2441--2446},
    doi = {10.1109/ACC.2003.1243441},
    ISSN = {0743-1619},
    month = {June},
}

@article{WuHuWu2006,
    author = {Wu, Yuanxin and Hu, Dewen and Wu, Meiping and Hu, Xiaoping},
    journal = {IEEE Transactions on Signal Processing},
    title = {A Numerical-Integration Perspective on {Gaussian} Filters},
    year = {2006},
    volume = {54},
    number = {8},
    pages = {2910--2921},
    doi = {10.1109/TSP.2006.875389},
    ISSN = {1053-587X},
    month = {August},
}

@article{SarkkaHartikainen2010,
    author = {Särkkä, Simo and Hartikainen, Jouni},
    journal = {IEEE Transactions on Automatic Control},
    title = {On {Gaussian} Optimal Smoothing of Non-Linear State Space Models},
    year = {2010},
    volume = {55},
    number = {8},
    pages = {1938--1941},
    doi = {10.1109/TAC.2010.2050017},
    ISSN = {0018-9286},
    month = {August},
}

@article{ArasaratnamHaykin2011,
    author = {Arasaratnam, Ienkaran and Haykin, Simon},
    title = {Cubature {Kalman} smoothers},
    journal = {Automatica},
    volume = {47},
    number = {10},
    pages = {2245--2250},
    year = {2011},
    issn = {0005-1098},
    doi = {10.1016/j.automatica.2011.08.005},
}

@inproceedings{TurnerDeisenrothRasmussen2010,
    title = {State-Space Inference and Learning with Gaussian Processes},
    author = {Turner, Ryan D. and Deisenroth, Marc Peter and Rasmussen, Carl Edward},
    booktitle = {International Conference on Artificial Intelligence and Statistics},
    pages = {868--875},
    year = {2010}
}

@article{DeisenrothTurnerHuber2012,
    author={Deisenroth, Marc Peter and Turner, Ryan Darby and Huber, Marco F. and Hanebeck, Uwe D. and Rasmussen, Carl Edward},
    journal={IEEE Transactions on Automatic Control},
    title={Robust Filtering and Smoothing with {Gaussian} Processes},
    year={2012},
    volume={57},
    number={7},
    pages={1865--1871},
    doi={10.1109/TAC.2011.2179426},
    ISSN={0018-9286},
    month={July},
}

@incollection{DeisenrothShakir2012,
    title = {Expectation Propagation in {Gaussian} Process Dynamical Systems},
    author = {Deisenroth, Marc Peter and Mohamed, Shakir},
    booktitle = {Advances in Neural Information Processing Systems 25},
    pages = {2609--2617},
    year = {2012},
}

@incollection{FrigolaChenRasmussen2014,
    title = {Variational {Gaussian} Process State-Space Models},
    author = {Frigola, Roger and Chen, Yutian and Rasmussen, Carl Edward},
    booktitle = {Advances in Neural Information Processing Systems 27},
    pages = {3680--3688},
    year = {2014}
}

@article{Sarkka+Vehtari+Lampinen:2007,
    title = {{Rao--Blackwellized} particle filter for multiple target tracking},
    author = {Särkkä, Simo and Vehtari, Aki and Lampinen, Jouko},
    journal = {Information Fusion},
    volume = {8},
    number = {1},
    pages = {2--15},
    year = {2007},
    issn = {1566-2535},
    doi = {10.1016/j.inffus.2005.09.009},
}

@article{Wahlstrom+Ozkan:2015,
    author = {Wahlström, Niklas and Özkan, Emre},
    journal = {IEEE Transactions on Signal Processing},
    title = {Extended Target Tracking Using Gaussian Processes},
    year = {2015},
    volume = {63},
    number = {16},
    pages = {4165--4178},
    doi = {10.1109/TSP.2015.2424194},
    ISSN = {1053-587X},
    month = {August},
}

@article{Spring1986,
    author = {Spring, Kerry W.},
    title = {Euler parameters and the use of quaternion algebra in the manipulation of finite rotations: A review},
    journal = {Mechanism and Machine Theory},
    volume = {21},
    number = {5},
    pages = {365--373},
    year = {1986},
    note = {},
    issn = {0094-114X},
    doi = {10.1016/0094-114X(86)90084-4},
}

@inproceedings{Minka:2001,
    author = {Minka, Thomas P.},
    title = {Expectation Propagation for Approximate {Bayesian} Inference},
    booktitle = {Proceedings of the Seventeenth Conference on Uncertainty in Artificial Intelligence},
    year = {2001},
    isbn = {1-55860-800-1},
    address = {Seattle, Washington},
    pages = {362--369},
} 

@article{RueMartinoChopin2009,
    author = {Rue, Håvard and Martino, Sara and Chopin, Nicolas},
    title = {Approximate {Bayesian} inference for latent {Gaussian} models by using integrated nested {Laplace} approximations},
    journal = {Journal of the Royal Statistical Society: Series B (Statistical Methodology)},
    volume = {71},
    number = {2},
    issn = {1467-9868},
    doi = {10.1111/j.1467-9868.2008.00700.x},
    pages = {319--392},
    year = {2009},
}

@inproceedings{HeskesZoeter2002,
    author = {Heskes, Tom and Zoeter, Onno},
    title = {Expectation Propagation for Approximate Inference in Dynamic {Bayesian} Networks},
    booktitle = {18th Conference on Uncertainty in Artificial Intelligence},
    year = {2002},
    address = {Alberta, Canada},
    pages = {216--223},
}

@article{Ricker1954,
    author = {Ricker, William E.},
    title = {Stock and Recruitment},
    journal = {Journal of the Fisheries Research Board of Canada},
    volume = {11},
    number = {5},
    pages = {559-623},
    year = {1954},
    doi = {10.1139/f54-039},
}

@incollection{Frigola+Lindsten+Schon:2013,
    title = {{Bayesian} Inference and Learning in {Gaussian} Process State-Space Models with Particle {MCMC}},
    author = {Frigola, Roger and Lindsten, Fredrik and Schön, Thomas B. and Rasmussen, Carl Edward},
    booktitle = {Advances in Neural Information Processing Systems 26},
    pages = {3156--3164},
    year = {2013},
}

@inproceedings{Svensson+Solin+Sarkka:2016,
    author = {Svensson, Andreas and Solin, Arno and Särkkä, Simo and Schön, Thomas},
    title = {Computationally Efficient {Bayesian} Learning of {Gaussian} Process State Space Models},
    booktitle = {19th International Conference on Artificial Intelligence and Statistics (AISTATS)},
    pages = {213--221},
    volume = {51},
    address = {Cadiz, Spain},
    month = {May},
    year = {2016},
}

@article{ChenQianNabney2014,
    author = {Chen, Niya and Qian, Zheng and Nabney, Ian T. and Meng, Xiaofeng},
    journal = {IEEE Transactions on Power Systems},
    title = {Wind Power Forecasts Using {Gaussian} Processes and Numerical Weather Prediction},
    year = {2014},
    volume = {29},
    number = {2},
    pages = {656--665},
    doi = {10.1109/TPWRS.2013.2282366},
    ISSN = {0885-8950},
    month = {March},
}

@article{Quinonero+Candela+Rasmussen:2005,
    author = {Quiñonero-Candela, Joaquin and Rasmussen, Carl Edward},
    title = {A Unifying View of Sparse Approximate {Gaussian} Process Regression},
    journal = {Journal of Machine Learning Research},
    year = {2005},
    volume = {6},
    pages = {1939--1959},
}

@article{HaarioSaksmanTamminen2001,
    author = {Heikki Haario and Eero Saksman and Johanna Tamminen},
    journal = {Bernoulli},
    number = {2},
    pages = {223--242},
    title = {An Adaptive {Metropolis} Algorithm},
    volume = {7},
    year = {2001}
}

@inproceedings{Hartikainen+Riihimaki+Sarkka:2011,
    author = {Hartikainen, Jouni and Riihimäki, Jaakko and Särkkä, Simo},
    title = {Sparse Spatio-temporal {Gaussian} Processes with General Likelihoods},
    booktitle = {21st International Conference on Artificial Neural Networks (ICANN)},
    year = {2011},
    pages = {193--200},
    isbn = {978-3-642-21735-7},
    doi = {10.1007/978-3-642-21735-7_24},
}

@article{TobarDjuricMandic2015,
    author = {Tobar, Felipe and Djurić, Petar M. and Mandic, Danilo P.},
    journal = {IEEE Transactions on Signal Processing},
    title = {Unsupervised State-Space Modeling Using Reproducing Kernels},
    year = {2015},
    volume = {63},
    number = {19},
    pages = {5210--5221},
    doi = {10.1109/TSP.2015.2448527},
    ISSN = {1053-587X},
    month = {October},
}

@article{KantasDoucetSingh2015,
    author = {Kantas, Nikolas and Doucet, Arnaud and Singh, Sumeetpal S. and Maciejowski, Jan and Chopin, Nicolas},
    doi = {10.1214/14-STS511},
    journal = {Statistical Science},
    month = {August},
    number = {3},
    pages = {328--351},
    title = {On Particle Methods for Parameter Estimation in State-Space Models},
    volume = {30},
    year = {2015}
}

@article{Svensson+Schon:2017,
    author = {Svensson, Andreas and Schön, Thomas B.},
    title = {A flexible state-space model for learning nonlinear dynamical systems},
    journal = {Automatica},
    volume = {80},
    number = {},
    pages = {189--199},
    year = {2017},
    note = {},
    issn = {0005-1098},
    doi = {10.1016/j.automatica.2017.02.030},
}

@article{Han+Zhang+Wang:2016,
    author = {Han, Jianan and Zhang, Xiao-Ping and Wang, Fang},
    journal = {IEEE Journal of Selected Topics in Signal Processing},
    title = {{Gaussian} Process Regression Stochastic Volatility Model for Financial Time Series},
    year = {2016},
    volume = {10},
    number = {6},
    pages = {1015--1028},
    doi = {10.1109/JSTSP.2016.2570738},
    ISSN = {1932-4553},
    month = {September},
}

@article{Vanhatalo+Pietilainen+Vehtari:2010,
    author = {Vanhatalo, Jarno and Pietiläinen, Ville and Vehtari, Aki},
    title = {Approximate inference for disease mapping with sparse {Gaussian} processes},
    journal = {Statistics in Medicine},
    volume = {29},
    number = {15},
    issn = {1097-0258},
    doi = {10.1002/sim.3895},
    pages = {1580--1607},
    year = {2010}
}


@article{Sarkka+Solin+Hartikainen:2013,
    author = {Särkkä, Simo and Solin, Arno and Hartikainen, Jouni},
    journal = {IEEE Signal Processing Magazine},
    title = {Spatiotemporal Learning via Infinite-Dimensional {Bayesian} Filtering and Smoothing: A Look at {Gaussian} Process Regression Through {Kalman} Filtering},
    year = {2013},
    volume = {30},
    number = {4},
    pages = {51--61},
    doi = {10.1109/MSP.2013.2246292},
    ISSN = {1053-5888},
    month = {July},
}

@inproceedings{Karvonen+Sarkka:2016,
    author = {Karvonen, Toni and Särkkä, Simo},
    booktitle = {26th IEEE International Workshop on Machine Learning for Signal Processing (MLSP)},
    title = {Approximate state-space {Gaussian} processes via spectral transformation},
    year = {2016},
    doi = {10.1109/MLSP.2016.7738812},
    month = {September},
}

@article{SunDeng2004,
    title = {Multi-sensor optimal information fusion {Kalman} filter},
    author = {Sun, Shu-Li and Deng, Zi-Li},
    journal = {Automatica},
    volume = {40},
    number = {6},
    pages = {1017--1023},
    year = {2004},
    issn = {0005-1098},
    doi = {10.1016/j.automatica.2004.01.014},
}

@article{McNameeStenger1967,
    author = {McNamee, J. and Stenger, F.},
    title = {Construction of fully symmetric numerical integration formulas of fully symmetric numerical integration formulas},
    journal = {Numerische Mathematik},
    year = {1967},
    volume = {10},
    number = {4},
    pages = {327--344},
    issn = {0945-3245},
    doi = {10.1007/BF02162032}
}

@article{Julier+Uhlmann:2004,
    author = {Julier, Simon J. and Uhlmann, Jeffrey K.},
    journal = {Proceedings of the IEEE},
    title = {Unscented filtering and nonlinear estimation},
    year = {2004},
    volume = {92},
    number = {3},
    pages = {401--422},
    doi = {10.1109/JPROC.2003.823141},
    ISSN = {0018-9219},
    month = {March},
}

@inproceedings{FrankenHupper2005,
    author = {Fränken, Dietrich and Hüpper, Andreas},
    booktitle = {7th International Conference on Information Fusion},
    title = {Improved fast covariance intersection for distributed data fusion},
    year = {2005},
    doi = {10.1109/ICIF.2005.1591849},
    month = {July},
}

@inproceedings{Hartikainen+Sarkka:2010,
    author = {Hartikainen, Jouni and Särkkä, Simo},
    booktitle = {IEEE International Workshop on Machine Learning for Signal Processing (MLSP)},
    title = {{Kalman} filtering and smoothing solutions to temporal {Gaussian} process regression models},
    year = {2010},
    pages = {379--384},
    doi = {10.1109/MLSP.2010.5589113},
    ISSN = {1551-2541},
    month = {August},
}

@inproceedings{Carron+Todescato+Carli:2016,
    author = {Carron, Andrea and Todescato, Marco and Carli, Ruggero and Schenato, Luca and Pillonetto, Gianluigi},
    booktitle = {55th IEEE Conference on Decision and Control (CDC)},
    title = {Machine learning meets {Kalman} Filtering},
    year = {2016},
    pages = {4594--4599},
    doi = {10.1109/CDC.2016.7798968},
    month = {December},
}

@inproceedings{Sarkka+Hartikainen:2012,
    title = {Infinite-Dimensional {Kalman} Filtering Approach to Spatio-Temporal {Gaussian} Process Regression},
    author = {Särkkä, Simo and Hartikainen, Jouni},
    booktitle = {15th International Conference on Artificial Intelligence and Statistics (AISTATS)},
    volume = {22},
    pages = {993--1001},
    year = {2012}
}

@article{Bunch+Godsill:2016,
    author = {Bunch, Pete and Godsill, Simon J.},
    title = {Approximations of the Optimal Importance Density Using {Gaussian} Particle Flow Importance Sampling},
    journal = {Journal of the American Statistical Association},
    volume = {111},
    number = {514},
    pages = {748--762},
    year = {2016},
    doi = {10.1080/01621459.2015.1038387},
}

@article{Bresler:1986,
    author = {Bresler, Yoram},
    title = {Two-filter formulae for discrete-time non-linear {Bayesian} smoothing},
    journal = {International Journal of Control},
    volume = {43},
    number = {2},
    pages = {629--641},
    year = {1986},
    doi = {10.1080/00207178608933489},
}

@article{KongLiuWong1994,
    author = {Kong, Augustine and Liu, Jun S. and Wong, Wing Hung},
    title = {Sequential Imputations and Bayesian Missing Data Problems},
    journal = {Journal of the American Statistical Association},
    volume = {89},
    number = {425},
    pages = {278--288},
    year = {1994},
    doi = {10.1080/01621459.1994.10476469},
}

@article{SissonFanTanaka2007,
    author = {Sisson, Scott A. and Fan, Yanan and Tanaka, Mark M.}, 
    title = {Sequential {Monte Carlo} without likelihoods},
    volume = {104}, 
    number = {6}, 
    pages = {1760--1765}, 
    year = {2007}, 
    doi = {10.1073/pnas.0607208104}, 
    journal = {Proceedings of the National Academy of Sciences} 
}

@inproceedings{MartinoElviraLouzada2016,
    author = {Martino, L. and Elvira, V. and Louzada, F.},
    booktitle = {IEEE Statistical Signal Processing Workshop},
    title = {Alternative effective sample size measures for importance sampling},
    year = {2016},
    doi = {10.1109/SSP.2016.7551765},
    month = {June},
}

@article{NasirDurraniKennedy2012,
    author = {Nasir, Ali A. and Durrani, Salman and Kennedy, Rodney A.},
    journal = {IEEE Transactions on Communications},
    title = {Particle Filters for Joint Timing and Carrier Estimation: Improved Resampling Guidelines and Weighted Bayesian {Cramér-Rao} Bounds},
    year = {2012},
    volume = {60},
    number = {5},
    pages = {1407-1419},
    doi = {10.1109/TCOMM.2012.022912.100559},
    ISSN = {0090-6778},
    month = {May},
}

@article{CelikSon2011,
    author = {Celik, Nurcin and Son, Young-Jun},
    title = {State estimation of a shop floor using improved resampling rules for particle filtering},
    journal = {International Journal of Production Economics},
    volume = {134},
    number = {1},
    pages = {224--237},
    year = {2011},
    issn = {0925-5273},
    doi = {10.1016/j.ijpe.2011.07.003},
}

@article{BolicDjuricHong2004,
    author = {Boli\'{c}, Miodrag and Djuri\'{c}, Petar M. and Hong, Sangjin},
    title = {Resampling Algorithms for Particle Filters: A Computational Complexity Perspective},
    journal = {EURASIP Journal of Applied Signal Processeing},
    volume = {2004},
    month = {January},
    year = {2004},
    issn = {1110-8657},
    pages = {2267--2277},
    doi = {10.1155/S1110865704405149},
}

@inproceedings{Sarkka+Tolvanen+Kannala:2015,
    author = {Särkkä, Simo and Tolvanen, Ville and Kannala, Juho and Rahtu, Esa},
    booktitle = {6th International Conference on Indoor Positioning and Indoor Navigation},
    title = {Adaptive {Kalman} filtering and smoothing for gravitation tracking in mobile systems},
    year = {2015},
    pages = {},
    doi = {10.1109/IPIN.2015.7346762},
    month = {October},
}

@inproceedings{BeauregardHaas2006,
    title = {Pedestrian dead reckoning: A basis for personal positioning},
    author = {Beauregard, Stephane and Haas, Harald},
    booktitle = {3rd Workshop on Positioning, Navigation and Communication},
    pages = {27--35},
    year = {2006}
}

@article{BarndorffNielsenKentSorensen1982,
    title = {Normal variance-mean mixtures and z distributions},
    author = {Barndorff-Nielsen, Ole and Kent, John and Sørensen, Michael},
    journal = {International Statistical Review},
    pages = {145--159},
    year = {1982},
}

@book{KotzNadarajah2004,
    author = {Kotz, Samuel and Nadarajah, Saralees},
    title = {Multivariate t Distributions and Their Applications},
    publisher = {Cambridge University Press},
    year = {2004}
}

@article{BattistelliChisci2016,
    author = {Battistelli, Giorgio and Chisci, Luigi},
    title = {Stability of consensus extended {Kalman} filter for distributed state estimation},
    journal = {Automatica},
    volume = {68},
    number = {},
    pages = {169--178},
    year = {2016},
    note = {},
    issn = {0005-1098},
    doi = {10.1016/j.automatica.2016.01.071},
}

@article{BattistelliChisciMugnai2015,
    author = {Battistelli, Giorgio and Chisci, Luigi and Mugnai, Giovanni and Farina, Alfonso and Graziano, Antonio},
    journal = {IEEE Transactions on Automatic Control},
    title = {Consensus-Based Linear and Nonlinear Filtering},
    year = {2015},
    volume = {60},
    number = {5},
    pages = {1410--1415},
    doi = {10.1109/TAC.2014.2357135},
    ISSN = {0018-9286},
    month = {May},
}

@article{DurichenPimentelClifton2015,
    author = {Dürichen, Robert and Pimentel, Marco A. F. and Clifton, Lei and Schweikard, Achim and Clifton, David A.},
    journal = {IEEE Transactions on Biomedical Engineering},
    title = {Multitask {Gaussian} Processes for Multivariate Physiological Time-Series Analysis},
    year = {2015},
    volume = {62},
    number = {1},
    pages = {314--322},
    doi = {10.1109/TBME.2014.2351376},
    ISSN = {0018-9294},
    month = {January},
}

@inproceedings{PimentelCliftonClifton2013,
    author = {Pimentel, Marco A. F. and Clifton, David A. and Clifton, Lei and Tarassenko, Lionel},
    booktitle = {2013 35th Annual International Conference of the IEEE Engineering in Medicine and Biology Society (EMBC)},
    title = {Probabilistic estimation of respiratory rate using {Gaussian} processes},
    year = {2013},
    pages = {2902--2905},
    doi = {10.1109/EMBC.2013.6610147},
    ISSN = {1094-687X},
    month = {July},
}

@incollection{PimentelCharltonClifton2015,
    author = {Pimentel, Marco A. F. and Charlton, Peter H. and Clifton, David A.},
    editor = {Mukhopadhyay, Subhas C.},
    title = {Probabilistic Estimation of Respiratory Rate from Wearable Sensors},
    booktitle = {Wearable Electronics Sensors: For Safe and Healthy Living},
    year = {2015},
    publisher = {Springer International Publishing},
    pages = {241--262},
    isbn = {978-3-319-18191-2},
    doi = {10.1007/978-3-319-18191-2_10},
}

@article{AboyMarquezMcNames2005,
    author={Aboy, Mateo and Marquez, Oscar W. and McNames, James and Hornero, Roberto and Trong, Tran and Goldstein, Brahm},
    journal = {IEEE Transactions on Biomedical Engineering},
    title = {Adaptive modeling and spectral estimation of nonstationary biomedical signals based on {Kalman} filtering},
    year = {2005},
    volume = {52},
    number = {8},
    pages = {1485--1489},
    doi = {10.1109/TBME.2005.851465},
    ISSN = {0018-9294},
    month = {August},
}

@article{NematiMalhotraClifford2010,
    author = {Nemati, Shamim and Malhotra, Atul and Clifford, Gari D.},
    title = {Data Fusion for Improved Respiration Rate Estimation},
    journal = {EURASIP Journal on Advances in Signal Processing},
    year = {2010},
    volume = {2010},
    number = {1},
    pages = {1--10},
    issn = {1687-6180},
    doi = {10.1155/2010/926305},
}

@article{BianchiFreyerHsieh2013,
    author = {Bianchi, William and Freyer Dugas, Andrea and Hsieh, Yu-Hsiang and Saheed, Mustapha and Hill, Peter and Lindauer, Cathleen and Terzis, Andreas and Rothman, Richard E.},
    title = {Revitalizing a Vital Sign: Improving Detection of Tachypnea at Primary Triage},
    journal = {Annals of Emergency Medicine},
    volume = {61},
    number = {1},
    pages = {37--43},
    year = {2013},
    note = {},
    issn = {0196-0644},
    doi = {10.1016/j.annemergmed.2012.05.030},
}

@article{OrphanidouFlemingShah2013,
    author = {Orphanidou, C. and Fleming, S. and Shah, S. A. and Tarassenko, L.},
    title = {Data fusion for estimating respiratory rate from a single-lead {ECG}},
    journal = {Biomedical Signal Processing and Control},
    volume = {8},
    number = {1},
    pages = {98--105},
    year = {2013},
    note = {},
    issn = {1746-8094},
    doi = {10.1016/j.bspc.2012.06.001},
}

@article{LeePathiranaSteinfort2014,
    author = {Lee, Yee Siong and Pathirana, Pubudu N. and Steinfort, Christopher Louis and Caelli, Terry},
    journal = {IEEE Journal of Translational Engineering in Health and Medicine},
    title = {Monitoring and Analysis of Respiratory Patterns Using Microwave {Doppler} Radar},
    year = {2014},
    volume = {2},
    pages = {1--12},
    doi = {10.1109/JTEHM.2014.2365776},
    ISSN = {2168-2372},
    month = {},
}

@article{Johansson2003,
    author = {Johansson, Anders},
    title = {Neural network for photoplethysmographic respiratory rate monitoring},
    journal = {Medical and Biological Engineering and Computing},
    year = {2003},
    volume = {41},
    number = {3},
    pages = {242--248},
    issn = {1741-0444},
    doi = {10.1007/BF02348427},
}

@article{MimozBenardGaucher2012,
    author = {Mimoz, O. and Benard, T. and Gaucher, A. and Frasca, D. and Debaene, B.},
    title = {Accuracy of respiratory rate monitoring using a non-invasive acoustic method after general anaesthesia},
    journal = {British Journal of Anaesthesia},
    volume = {108},
    number = {5},
    pages = {872--875},
    year = {2012},
    doi = {10.1093/bja/aer510},
}

@article{ZitoPepeMincica2011,
    author = {Zito, Domenico and Pepe, Domenico and Mincica, Martina and Zito, Fabio and Tognetti, Alessandro and Lanata, Antonio and De Rossi, Danilo},
    journal = {IEEE Transactions on Biomedical Circuits and Systems},
    title = {{SoC} {CMOS} {UWB} Pulse Radar Sensor for Contactless Respiratory Rate Monitoring},
    year = {2011},
    volume = {5},
    number = {6},
    pages = {503--510},
    doi = {10.1109/TBCAS.2011.2176937},
    ISSN = {1932-4545},
    month = {December},
}

@inproceedings{QiMinkaPicard2002,
    author = {Qi, Yuan and Minka, Thomas P. and Picard, Rosalind W.},
    booktitle = {IEEE International Conference on Acoustics, Speech, and Signal Processing (ICASSP)},
    title = {{Bayesian} spectrum estimation of unevenly sampled nonstationary data},
    year = {2002},
    volume = {2},
    pages = {1473--1476},
    doi = {10.1109/ICASSP.2002.5744891},
    ISSN = {1520-6149},
    month = {May},
}

@article{CretikosBellomoHillman2008,
    title = {Respiratory rate: the neglected vital sign},
    author = {Cretikos, Michelle A. and Bellomo, Rinaldo and Hillman, Ken and Chen, Jack and Finfer, Simon and Flabouris, Arthas},
    journal = {Medical Journal of Australia},
    volume = {188},
    number = {11},
    pages = {657--659},
    year = {2008},
}

@inproceedings{KaltiokallioYigitlerJantti2014,
    author={Kaltiokallio, Ossi and Yiğitler, H\"useyin and J\"antti, Riku and Patwari, Neal},
    booktitle = {Information Processing in Sensor Networks, 13th International Symposium on (IPSN)},
    title = {Non-invasive respiration rate monitoring using a single {COTS TX-RX} pair},
    year = {2014},
    pages = {59--69},
    doi = {10.1109/IPSN.2014.6846741},
    month = {April},
}

@article{Sarkka+Solin+Nummenmaa:2012,
    author = {Särkkä, Simo and Solin, Arno and Nummenmaa, Aapo and Vehtari, Aki and Auranen, Toni and Vanni, Simo and Lin, Fa-Hsuan},
    title = {Dynamic retrospective filtering of physiological noise in {BOLD fMRI}: {DRIFTER}},
    journal = {NeuroImage},
    volume = {60},
    number = {2},
    pages = {1517--1527},
    year = {2012},
    issn = {1053-8119},
    doi = {10.1016/j.neuroimage.2012.01.067},
}

@inproceedings{SolinSarkka2014AISTATS,
    title = {Explicit link between periodic covariance functions and state space models},
    author = {Solin, Arno and S\"arkk\"a, Simo},
    booktitle = {Proceedings of the 17th International Conference on Artificial Intelligence and Statistics ({AISTATS})},
    year = {2014},
    volume = {33},
    pages = {904--912}
}

@techreport{Weinberg2002,
    title = {Using the {ADXL202} in pedometer and personal navigation applications},
    author = {Weinberg, Harvey},
    institution = {Analog Devices},
    pages = {1--6},
    year = {2002}
}

@inproceedings{Xiao+Wen+Markham:2014,
    author = {Xiao, Zhuoling and Wen, Hongkai and Markham, Andrew and Trigoni, Niki},
    booktitle = {Indoor Positioning and Navigation (IPIN), 5th International Conference on},
    title = {Robust pedestrian dead reckoning {(R-PDR)} for arbitrary mobile device placement},
    year = {2014},
    pages = {187--196},
    doi = {10.1109/IPIN.2014.7275483},
    month = {October},
}


@article{ChenLiu2000,
    author = {Chen, Rong and Liu, Jun S.},
    title = {Mixture {Kalman} filters},
    journal = {Journal of the Royal Statistical Society: Series B (Statistical Methodology)},
    volume = {62},
    number = {3},
    issn = {1467-9868},
    doi = {10.1111/1467-9868.00246},
    pages = {493-508},
    year = {2000},
}

@article{FongGodsillDoucet2002,
    author = {Fong, William and Godsill, Simon J. and Doucet, Arnaud and West, Mike},
    journal = {IEEE Transactions on Signal Processing},
    title = {{Monte Carlo} smoothing with application to audio signal enhancement},
    year = {2002},
    volume = {50},
    number = {2},
    pages = {438-449},
    doi = {10.1109/78.978397},
    ISSN = {1053-587X},
    month = {February},
}

@incollection{SahaHendebyGustafsson2015,
    author = {Saha, Saikat and Hendeby, Gustaf and Gustafsson, Fredrik},
    title = {Mixture {Kalman} Filters and Beyond},
    editor = {Upadhyay, Satyanshu K. and Singh, Umesh and Dey, Dipak K. and Loganathan, Appaia},
    booktitle = {Current Trends in {Bayesian} Methodology with Applications},
    publisher = {Chapman and Hall/CRC},
    address = {},
    year = {2015},
    pages = {537-562},
    chapter = {26}
}

@book{ThrunBurgardFox2005,
    author = {Thrun, Sebastian and Burgard, Wolfram and Fox, Dieter},
    title = {Probabilistic Robotics},
    year = {2005},
    publisher = {MIT press},
}

@inproceedings{MontemerloThrunRoller2003,
    author = {Montemerlo, Michael and Thrun, Sebastian and Roller, Daphne and Wegbreit, Ben},
    title = {{FastSLAM} 2.0: An Improved Particle Filtering Algorithm for Simultaneous Localization and Mapping That Provably Converges},
    booktitle = {Proceedings of the 18th International Joint Conference on Artificial Intelligence},
    year = {2003},
    pages = {1151-1156},
    address = {Acapulco, Mexico}
} 

@techreport{KokHolSchon2016,
    title = {Using inertial sensors for position and orientation estimation},
	edition = {1},
	volume = 1,
    author = {Kok, Manon and Hol, Jeroen and Schön, Thomas},
	institution = {Linköping University},
	year = {2016},
	month = {December},
}

@article{ArasaratnamHaykinElliott2007,
    author = {Arasaratnam, Ienkaran and Haykin, Simon and Elliott, Robert J.},
    journal = {Proceedings of the IEEE},
    title = {Discrete-Time Nonlinear Filtering Algorithms Using {Gauss-Hermite} Quadrature},
    year = {2007},
    volume = {95},
    number = {5},
    pages = {953-977},
    doi = {10.1109/JPROC.2007.894705},
    ISSN = {0018-9219},
    month = {May}
}

@article{BriganteAbbateBasile2011,
    author = {Brigante, Carmen M. N. and Abbate, Nunzio and Basile, Adriano and Faulisi, Alessandro Carmelo and Sessa, Salvatore},
    journal = {IEEE Transactions on Industrial Electronics},
    title = {Towards Miniaturization of a MEMS-Based Wearable Motion Capture System},
    year = {2011},
    volume = {58},
    number = {8},
    pages = {3234-3241},
    doi = {10.1109/TIE.2011.2148671},
    ISSN = {0278-0046},
    month = {August}
}

@article{IosaPicernoPaolucci2016,
    author = {Iosa, Marco and Picerno, Pietro and Paolucci, Stefano and Morone, Giovanni},
    title = {Wearable inertial sensors for human movement analysis},
    journal = {Expert Review of Medical Devices},
    volume = {13},
    number = {7},
    pages = {641-659},
    year = {2016},
    doi = {10.1080/17434440.2016.1198694},
}

@article{WongWongLo2007,
    author = {Wong, Wai Yin and Wong, Man Sang and Lo, Kam Ho},
    title = {Clinical applications of sensors for human posture and movement analysis: A review},
    journal = {Prosthetics and Orthotics International},
    volume = {31},
    number = {1},
    pages = {62-75},
    year = {2007},
    doi = {10.1080/03093640600983949},
}

@inproceedings{AtallahJonesAli2011,
    author = {Atallah, Louis and Jones, Gareth G. and Ali, Raza and Leong, Julian J. H. and Lo, Benny and Yang, Guang-Zhong},
    booktitle = {2011 International Conference on Body Sensor Networks},
    title = {Observing Recovery from Knee-Replacement Surgery by Using Wearable Sensors},
    year = {2011},
    pages = {29-34},
    doi = {10.1109/BSN.2011.10},
    ISSN = {2376-8886},
    month = {May}
}

@article{ReinkensmeyerBonatoBoninger2012,
    author = {Reinkensmeyer, David J. and Bonato, Paolo and Boninger, Michael L. and Chan, Leighton and Cowan, Rachel E. and Fregly, Benjamin J. and Rodgers, Mary M.},
    title = {Major trends in mobility technology research and development: Overview of the results of the NSF-WTEC European study},
    journal = {Journal of NeuroEngineering and Rehabilitation},
    year = {2012},
    volume = {9},
    number = {1},
    pages = {22},
    issn = {1743-0003},
    doi = {10.1186/1743-0003-9-22}
}

@article{Singer2015,
    author = {Singer, Hermann},
    journal = {IEEE Transactions on Automatic Control},
    title = {Conditional {Gauss-Hermite} Filtering With Application to Volatility Estimation},
    year = {2015},
    volume = {60},
    number = {9},
    pages = {2476-2481},
    doi = {10.1109/TAC.2015.2394952},
    ISSN = {0018-9286},
    month = {September}
}

@article{GarciaFernandezSvenssonSarkka2016,
    author = {Garc\'ia-Fern\'andez, \'Angel F. and Svensson, Lennart and Särkkä, Simo},
    journal = {IEEE Transactions on Automatic Control},
    title = {Iterated Posterior Linearisation Smoother},
    year = {2017},
    volume = {62},
    number = {4},
    pages = {2056--2063},
    doi = {10.1109/TAC.2016.2592681},
    ISSN = {0018-9286},
    month = {April},
}

@article{Nilsson2016,
    author = {Nilsson, John-Olof},
    title = {Marginalized {Bayesian} filtering with {Gaussian} priors and posteriors},
    journal = {ArXiv e-prints},
    year = {2016},
    month = {July},
    note = {arXiv:1603.06462v2}
}

@article{Lindsten+Schon+Jordan:2013,
    author = {Fredrik Lindsten and Thomas B. Schön and Michael I. Jordan},
    title = {Bayesian semiparametric {Wiener} system identification},
    journal = {Automatica},
    volume = {49},
    number = {7},
    pages = {2053-2063},
    year = {2013},
    note = {},
    issn = {0005-1098},
    doi = {10.1016/j.automatica.2013.03.021}
}

@article{Andrieu+Doucet+Holenstein:2010,
    author = {Andrieu, Christophe and Doucet, Arnaud and Holenstein, Roman},
    title = {Particle {Markov} chain {Monte Carlo} methods},
    journal = {Journal of the Royal Statistical Society: Series B (Statistical Methodology)},
    volume = {72},
    number = {3},
    issn = {1467-9868},
    doi = {10.1111/j.1467-9868.2009.00736.x},
    pages = {269--342},
    year = {2010},
}

@article{BonnabelMartinRouchon2009,
    author = {Bonnabel, Silvere and Martin, Philippe and Rouchon, Pierre},
    journal = {IEEE Transactions on Automatic Control},
    title = {Non-Linear Symmetry-Preserving Observers on {Lie} Groups},
    year = {2009},
    volume = {54},
    number = {7},
    pages = {1709-1713},
    doi = {10.1109/TAC.2009.2020646},
    ISSN = {0018-9286},
    month = {July},
}

@article{KokkalaSolinSarkka2016,
    author = {Kokkala, Juho and Solin, Arno and Särkkä, Simo},
    title = {Sigma-Point Filtering and Smoothing Based Parameter Estimation in Nonlinear Dynamic Systems},
    journal = {Journal of Advances in Information Fusion},
    year = {2016},
    volume = {11},
    number = {1},
    pages = {15-30}
}

@book{Oksendal:2010,
    author = {Øksendal, Bernt},
    title = {Stochastic Differential Equaitons: An Introduction with Applications},
    year = {2010},
    edition = {6},
    ISBN = {978-3540047582},
    publisher = {Springer},
}

@article{LiuGaoJohn2012,
    author = {Liu, Shaopeng and Gao, Robert X. and John, Dinesh and Staudenmayer, John W. and Freedson, Patty S.},
    journal = {IEEE Transactions on Biomedical Engineering},
    title = {Multisensor Data Fusion for Physical Activity Assessment},
    year = {2012},
    volume = {59},
    number = {3},
    pages = {687-696},
    doi = {10.1109/TBME.2011.2178070},
    ISSN = {0018-9294},
    month = {March},
}

@inproceedings{ZappiStiefmeierFarella2007,
    author = {Zappi, Piero and Stiefmeier, Thomas and Farella, Elisabetta and Roggen, Daniel and Benini, Luca and Tröster, Gerhard},
    booktitle = {Intelligent Sensors, Sensor Networks and Information, 2007. ISSNIP 2007. 3rd International Conference on},
    title = {Activity recognition from on-body sensors by classifier fusion: sensor scalability and robustness},
    year = {2007},
    pages = {281-286},
    doi = {10.1109/ISSNIP.2007.4496857},
    month = {December},
}

@article{RoetenbergSlyckeVeltink2007,
    author = {Roetenberg, Daniel and Slycke, Per J. and Veltink, Peter H.},
    journal = {IEEE Transactions on Biomedical Engineering},
    title = {Ambulatory Position and Orientation Tracking Fusing Magnetic and Inertial Sensing},
    year = {2007},
    volume = {54},
    number = {5},
    pages = {883-890},
    doi = {10.1109/TBME.2006.889184},
    ISSN = {0018-9294},
    month = {May},
}

@article{HongNugentMulvenna2009,
    title = {Evidential fusion of sensor data for activity recognition in smart homes},
    author = {Hong, Xin and Nugent, Chris and Mulvenna, Maurice and McClean, Sally and Scotney, Bryan and Devlin, Steven},
    journal = {Pervasive and Mobile Computing},
    volume = {5},
    number = {3},
    pages = {236-252},
    year = {2009},
    issn = {1574-1192},
    doi = {10.1016/j.pmcj.2008.05.002},
}

@article{ShoaibBoschIncel2014,
    author = {Shoaib, Muhammad and Bosch, Stephan and Incel, Ozlem Durmaz and Scholten, Hans and Havinga, Paul J. M.},
    title = {Fusion of Smartphone Motion Sensors for Physical Activity Recognition},
    journal = {Sensors},
    volume = {14},
    year = {2014},
    number = {6},
    pages = {10146},
    issn = {1424-8220},
    doi = {10.3390/s140610146}
}


@inproceedings{GaoBourkeNelson2011,
    author = {Gao, Lei and Bourke, Alan K. and Nelson, John},
    booktitle = {2011 Annual International Conference of the IEEE Engineering in Medicine and Biology Society},
    title = {A system for activity recognition using multi-sensor fusion},
    year = {2011},
    pages = {7869-7872},
    doi = {10.1109/IEMBS.2011.6091939},
    ISSN = {1094-687X},
    month = {August},
}

@inproceedings{GaoBourkeNelson2012,
    author = {Gao, Lei and Bourke, Alan K. and Nelson, John},
    booktitle = {2012 Annual International Conference of the IEEE Engineering in Medicine and Biology Society},
    title = {Activity recognition using dynamic multiple sensor fusion in body sensor networks},
    year = {2012},
    pages = {1077-1080},
    doi = {10.1109/EMBC.2012.6346121},
    ISSN = {1094-687X},
    month = {August},
}

@article{MantarasLuque2006,
	author = {Mantaras, Daniel A. and Luque, Pablo},
	title = {Ride Comfort Performance of Different Active Suspension Systems},
	journal = {International Journal of Vehicle Design},
	volume = {40},
	number = {1},
	pages = {106-125},
	month = {January},
	year = {2006}
}

@book{VanTreesBellTian2013,
	author = {Van Trees, Harry L. and Bell, Kristine L. and Tian, Zhi},
	title = {Detection, Estimation, and Modulation Theory: Part 1: Detection, Estimation, and Filtering Theory},
	year = {2013},
	address = {Hoboken, NJ, USA},
	publisher = {John Wiley \& Sons, Inc.},
	edition = {2}
}

@article{LiuHerman1998,
	author = {Liu, Chiu and Herman, Robert},
	title = {Road Profiles, Vehicle Dynamics, and Human Judgment of Serviceability of Roads: Spectral Frequency Domain Analysis},
	journal = {Journal of Transportation Engineering},
	volume = {124},
	number = {2},
	pages = {106-111},
	month = {March},
	year = {1998},
}

@inproceedings{BohangQingbingDuiyong2010,
	author = {Bohang, Liu and Qingbing, Li and Duiyong, Chen and Hailong, Sun},
	booktitle = {Informatics in Control, Automation and Robotics (CAR), 2010 2nd International Asia Conference on},
	title = {Pattern Recognition of Vehicle Types and Reliability Analysis of Pneumatic Tube Test Data under Mixed Traffic Condition},
	year = {2010},
	month = {March},
	pages = {44-47},
	address = {Wuhan, China}
}

@article{LiBoriboonsomsinWu2009,
	author = {Li, Meng and Boriboonsomsin, Kanok and Wu, Guoyuan and Zhang, Wei-Bin and Barth, Matthew},
	title = {Traffic Energy and Emission reductions at Signalized Intersections: A Study of the Benefits of Advanced Driver Infromation},
	journal = {International Journal of ITS Research},
	volume = {7},
	number = {1},
	month = {June},
	year = {2009}
}

@article{RodierShaheen2010,
	author = {Rodier, Caroline J. and Shaheen, Susan A.},
	title = {Transit-based Smart Parking: An Evaluation of the {San Francisco Bay} Area Field Test},
	journal = {Transportation Research Part C: Emerging Technologies},
	volume = {18},
	number = {2},
	pages = {225-233},
	month = {April},
	year = {2010},
}

@article{PapageorgiouDiakakiDinopoulou2003,
	author = {Papageorgiou, Markos and Diakaki, Christina and Dinopoulou, Vaya and Kotsialos, Apostolos and Wang, Yibing},
	journal = {Proceedings of the IEEE},
	title = {Review of Road Traffic Control Strategies},
	year = {2003},
	month = {December},
	volume = {91},
	number = {12},
	pages = {2043-2067},
}


@article{Li+Jilkov:2001,
	author = {Li, X. Rong and Jilkov, Vesselin P.},
	title = {Survey of Maneuvering Target Tracking: {P}art {III}. {M}easurement Models},
	journal = {Proc. SPIE},
	volume = {4473},
	number = {},
	pages = {423-446},
	year = {2001}
}

@article{Li+Jilkov:2003,
	author = {Li, X. Rong and Jilkov, Vesselin P.},
	journal = {Aerospace and Electronic Systems, IEEE Transactions on},
	title = {Survey of Maneuvering Target Tracking: {P}art {I}. {D}ynamic Models},
	year = {2003},
	volume = {39},
	number = {4},
	pages = {1333-1364}
}

@article{ZaidiMark2005,
	author = {Zaidi, Zainab R. and Mark, Brian L.},
	journal = {Mobile Computing, IEEE Transactions on},
	title = {Real-Time Mobility Tracking Algorithms for Cellular Networks based on {Kalman} filtering},
	year = {2005},
	volume = {4},
	number = {2},
	pages = {195-208},
}

@article{ZhongPremkumarMadhukumar2012,
	author = {Zhong, Xionghu and Premkumar, A.B. and Madhukumar, A. S.},
	journal = {Sensors Journal, IEEE},
	title = {Particle Filtering and Posterior {Cramér-Rao} Bound for {2D} Direction of Arrival Tracking Using an Acoustic Vector Sensor},
	year = {2012},
	volume = {12},
	number = {2},
	pages = {363-377},
}

@article{PerezVermaakBlake2004,
	author = {Perez, Patrick and Vermaak, Jaco and Blake, Andrew},
	journal = {Proceedings of the IEEE},
	title = {Data fusion for visual tracking with particles},
	year = {2004},
	volume = {92},
	number = {3},
	pages = {495-513}
}

@inproceedings{ChellappaQianZheng2004,
	author = {Chellappa, Rama and Qian, Gang and Zheng, Qinfen},
	booktitle = {Acoustics, Speech, and Signal Processing, 2004. Proceedings. (ICASSP '04). IEEE International Conference on},
	title = {Vehicle detection and tracking using acoustic and video sensors},
	year = {2004},
	volume = {3}
}

@inproceedings{ImtiazRoyHuang2006,
	author = {Imtiaz, Sayed A. and Roy, Kallol and Huang, Biao and Shah, Sirish L. and Jampana, Phanindra},
	booktitle = {Industrial Technology, 2006. ICIT 2006. IEEE International Conference on},
	title = {Estimation of States of Nonlinear Systems using a Particle Filter},
	year = {2006},
	pages = {2432-2437}
}

@article{ArmestoTorneroVincze2008,
	author = {Armesto, L. and Tornero, J. and Vincze, M.},
	title = {On multi-rate fusion for non-linear sampled-data systems: Application to a 6D tracking system},
	journal = {Robotics and Autonomous Systems},
	volume = {56},
	number = {8},
	pages = {706-715},
	year = {2008}
}

@article{HongCuiBakich2006,
	author = {Hong, L. and Cui, N. and Bakich, M. and Layne, J.R.},
	journal = {Control Theory and Applications, IEE Proceedings},
	title = {Multirate Interacting Multiple Model Particle Filter for Terrain-based Ground Target Tracking},
	year = {2006},
	volume = {153},
	number = {6},
	pages = {721-731}
}


@article{EidehallPohlGustafssonEkmark2007,
	title = {Toward Autonomous Collision Avoidance by Steering},
	author = {Eidehall, Andreas and Pohl, Jochen and Gustafsson, Fredrik and Ekmark, Jonas},
	journal = {Intelligent Transportation Systems, IEEE Transactions on},
	year = {2007},
	month = {March},
	volume = {8},
	number = {1},
	pages = {84-94},
	ISSN = {1524-9050}
}

@article{MisenerShladover2006,
	title = {{PATH} Investigations in Vehicle-Roadside Cooperation and Safety: A Foundation for Safety and Vehicle-Infrastructure Integration Research},
	author = {Misener, J.A. and Shladover, S.E.},
	journal = {Intelligent Transportation Systems Conference, 2006. ITSC '06. IEEE},
	year = {2006},
	month = {September},
	volume = {},
	number = {},
	pages = {9-16},
	ISSN = {}
}

@article{HegemanVanDerHorstBrookhuis2007,
	title = {Functioning and Acceptance of Overtaking Assistant Design Tested in Driving Simulator Experiment},
	author = {Hegeman, Geertje and van der Horst, Richard and Brookhuis, Karel A. and Hoogendoorn, Serge P.},
	journal = {Journal of the Transportation Research Board},
	year = {2007},
	month = {},
	volume = {2018},
	number = {},
	pages = {45-52},
	keywords = {},
	doi = {10.3141/2018-07},
	ISSN = {0361-1981}
}

@article{SpoonerPassino1997,
	title = {Fault-tolerant control for automated highway systems},
	author = {Spooner, J.T. and Passino, K.M.},
	journal = {Vehicular Technology, IEEE Transactions on},
	year = {1997},
	month = {August},
	volume = {46},
	number = {3},
	pages = {770-785},
	doi = {10.1109/25.618202},
	ISSN = {0018-9545}
}

@article{ParkerValaee2007,
	title = {Vehicular Node Localization Using Received-Signal-Strength Indicator},
	author = {Parker, R. and Valaee, S.},
	journal = {Vehicular Technology, IEEE Transactions on},
	year = {2007},
	month = {November},
	volume = {56},
	number = {6},
	pages = {3371-3380},
	doi = {10.1109/TVT.2007.907687},
	ISSN = {0018-9545}
}

@article{RobinsonCaveneyCaminiti2007,
	title = {Efficient Message Composition and Coding for Cooperative Vehicular Safety Applications},
	author = {Robinson, C.L. and Caveney, D. and Caminiti, L. and Baliga, G. and Laberteaux, K. and Kumar, P.R.},
	journal = {Vehicular Technology, IEEE Transactions on},
	year = {2007},
	month = {November},
	volume = {56},
	number = {6},
	pages = {3244-3255},
	ISSN = {0018-9545}
}

@misc{NHTSA09,
	title = {Counts for Frontal Air Bag Related Fatalities and Seriously Injured Persons},
	author = {{National Highway Traffic Safety Administration}},
	year = {2009},
	month = {January},
	url = {http://www-nrd.nhtsa.dot.gov/Pubs/811104.PDF}
}

@misc{Car2Car2009,
	author = {{CAR 2 CAR Communication Consortium}},
	title = {Mission and Objectives},
	year = {2009},
	month = {July},
	howpublished = {Project Website},
	url = {http://www.car2car.org}
}

@article{CevherChellappaMcClellan2009,
	title = {Vehicle Speed Estimation Using Acoustic Wave Patterns},
	author = {Cevher, V. and Chellappa, R. and McClellan, J.H.},
	journal = {Signal Processing, IEEE Transactions on},
	year = {2009},
	month = {January},
	volume = {57},
	number = {1},
	pages = {30-47},
}


@article{LanLanNahavandi2004,
	title = {A novel application of a microaccelerometer for target classification},
	author = {Lan, Jinhui and Lan, Tian and Nahavandi, S.},
	journal = {Sensors Journal, IEEE},
	year = {2004},
	month = {August},
	volume = {4},
	number = {4},
	pages = {519-524},
	ISSN = {1530-437X}
}

@techreport{FHA2006,
	title = {Traffic Detector Handbook},
	edition = {3},
	volume = 1,
	author = {Klein, Lawrence A. and  Mills, Milton K. and Gibson, David R.P.},
	institution = {Federal Highway Administration},
	year = {2006},
	month = {October},
	number = {Volume I, FHWA-HRT-06-108}
}

@mastersthesis{Isaksson2008,
	title = {Vehicle Detection using Anisotropic Magnetoresistors},
	author = {Isaksson, Martin},
	year = {2008},
	school = {Chalmers University of Technology}
}

@TechReport{SullivanWinklerHagan2005,
	author = {Sullivan, John M. and Winkler, Christopher B. and Hagan, Michael R.},
	title = {Smart Barrel for an Adaptive Queue-Warning System},
	year = {2005},
	month = {February},
	institution = {University of Michigan}
}

@article{ZieglerPozybillKathmann2009,
	author = {Ziegler, Hartmut and Pozybill, Martin and Kathmann, Thorsten},
	title = {{Verkehrsmonitoring Baden-Württemberg - Entwicklung zur Umsetzungsreife}},
	year = {2009},
	month = {June},
	journal = {Strassenverkehrstechnik}
}

@inproceedings{ColeriCheungVaraiya2004,
	author = {Coleri, Sinem and Cheung, Sing Yiu and Varaiya, Pravin},
	title = {Sensor Networks for Monitoring Traffic},
	year = {2004},
	month = {August},
	pages = {},
	booktitle = {Communication, Control, and Computing, 2004 42th Annual Allerton Conference on}
}

@article{CouvreurBresler1997,
	title = {Doppler-based motion estimation for wide-band sources from single passive sensor measurements},
	author = {Couvreur, C. and Bresler, Y.},
	journal = {Acoustics, Speech, and Signal Processing, ICASSP-97., IEEE International Conference on},
	year = {1997},
	month = {April},
	volume = {5},
	number = {},
	pages = {3537-3540},
	doi = {10.1109/ICASSP.1997.604629},
	ISSN = {}
}

@book{Ludeman2003,
	title = {Random Processes: Filtering, Estimation, and Detection},
	author = {Ludeman, Lonnie C.},
	month = {January},
	year = {2003},
	publisher = {Wiley-IEEE Press},
}

@book{Kay:1993,
	title = {Fundamentals of Statistical Signal Processing: Estimation Theory},
	author = {Kay, Steven M.},
	month = {},
	year = {1993},
	address = {Upper Saddle River, NJ, USA},
	publisher = {Prentice Hall},
	isbn = {0-13-345711-7}
}

@article{CandesWakin2008,
	title = {An Introduction to Compressive Sampling},
	author = {Candès, Emmanuel J. and Wakin, Michael B.},
	journal = {IEEE Signal Processing Magazine},
	month = {March},
	year = {2008},
	volume = {},
	number = {},
	pages = {21-30}
}

@book{Kay1987,
	author = {Kay, Steven M.},
	title = {Modern Spectral Estimation: Theory and Application},
	month = {},
	year = {1987},
	publisher = {Prentice Hall},
	isbn = {0-13-598582-X}
}

@article{DoukopoulosMoustakides2008,
	title = {Fast and Stable Subspace Tracking},
	author = {Doukopoulos, X.G. and Moustakides, G.V.},
	journal = {Signal Processing, IEEE Transactions on},
	year = {2008},
	month = {April},
	volume = {56},
	number = {4},
	pages = {1452-1465},
	doi = {10.1109/TSP.2007.909335},
	ISSN = {1053-587X}
}

@article{Schmidt1986,
	title = {Multiple emitter location and signal parameter estimation},
	author = {Schmidt, R.},
	journal = {Antennas and Propagation, IEEE Transactions on},
	year = {1986},
	month = {March},
	volume = {34},
	number = {3},
	pages = {276-280},
}

@inproceedings{PaulrajRoyKailath1986,
	title = {Estimation of Signal Parameters via Rotational Invariance Techniques - {ESPRIT}},
	author = {Roy, R. and Paulraj, A. and Kailath, T.},
	booktitle = {Military Communications Conference - Communications-Computers: Teamed for the 90's, 1986. MILCOM 1986. IEEE},
	year = {1986},
	month = {October},
	volume = {3},
	number = {},
	pages = {41.6.1-41.6.5},
}

@manual{White2009,
	title = {Rules of the Road},
	author = {White, Jesse},
	organization = {Cyberdrive Illinois},
	year = {2009}
}

@techreport{TriggsHarris1982,
	title = {Reaction Time of Drivers to Road Stimuli},
	author = {Triggs, Thomas J. and Harris, Walter G.},
	institution = {Monash University},
	year = {1982},
	month = {June}
}

@article{CrispinoDApuzzo2001,
	author = {Crispino, M. and D'Apuzzo, M.},
	title = {Measurement and Prediction of Traffic-Induced Vibrations in a Heritage Building},
	journal = {Journal of Sound and Vibration},
	volume = {246},
	number = {2},
	pages = {319-335},
	year = {2001},
}

@article{ClementeRinaldis1998,
	author = {Clemente, Paolo and Rinaldis, Dario},
	title = {Protection of a Monumental Building against Traffic-Induced Vibrations},
	journal = {Soil Dynamics and Earthquake Engineering},
	volume = {17},
	number = {5},
	pages = {289-296},
	year = {1998},
}

@article{Hunt1991,
	author = {Hunt, H. E. M.},
	title = {Stochastic modelling of traffic-induced ground vibration},
	journal = {Journal of Sound and Vibration},
	volume = {144},
	number = {1},
	pages = {53-70},
	year = {1991},
}

@article{SunKennedy2002,
	author = {Sun, Lu and Kennedy, Thomas W.},
	title = {Spectral Analysis and Parametric Study of Stochastic Pavement Loads},
	publisher = {ASCE},
	year = {2002},
	journal = {Journal of Engineering Mechanics},
	volume = {128},
	number = {3},
	pages = {318-327},
}

@article{HaoAng1998,
	author = {Hao, Hong and Ang, Thien Cheong},
	title = {Analytical Modeling of Traffic-Induced Ground Vibrations},
	publisher = {ASCE},
	year = {1998},
	journal = {Journal of Engineering Mechanics},
	volume = {124},
	number = {8},
	pages = {921-928},
}

@article{Altmann2004,
	author = {Altmann, J.},
	title = {Acoustic and seismic signals of heavy military vehicles for co-operative verification},
	journal = {Journal of Sound and Vibration},
	volume = {273},
	number = {4-5},
	pages = {713-740},
	month = {June},
	year = {2004},
}

@article{DitzelHermanDrijkoningen2001,
	title = {Seismograms of Moving Trains: Comparison of Theory and Measurements},
	author = {Ditzel, A. and Herman, G. C. and Drijkoningen, G. G.},
	journal = {Journal of Sound and Vibration},
	volume = {248},
	number = {4},
	pages = {635-652},
	year = {2001},
}


@article{Hunt1991_2,
	author = {Hunt, H. E. M.},
	title = {Modelling of road vehicles for calculation of traffic-induced ground vibration as a random process},
	journal = {Journal of Sound and Vibration},
	volume = {144},
	number = {1},
	pages = {41-51},
	year = {1991},
	note = {},
	issn = {0022-460X},
	doi = {DOI: 10.1016/0022-460X(91)90731-X},
}

@article{MillerPursey1955,
	title = {On the Partition of Energy between Elastic Waves in a Semi-Infinite Solid},
	author = {Miller, G. F. and Pursey, H.},
	journal = {Proceedings of the Royal Society of London. Series A, Mathematical and Physical Sciences},
	volume = {233},
	number = {1192},
	pages = {55-69},
	ISSN = {00804630},
	language = {},
	year = {1955},
	month = {December},
	publisher = {The Royal Society},    
}

@book{Dobrin1988,
	title = {Introduction to Geophysical Prospecting},
	author = {Dobrin, Milton B. and Savit, Carl H.},
	month = {},
	year = {1988},
	publisher = {McGraw-Hill}
}

@article{BarnesTrottier2009,
	title = {Hybrid analysis of surface wavefield data from Portland cement and asphalt concrete plates},
	author = {Barnes, Christopher L. and Trottier, Jean-François},
	journal = {NDT \& E International},
	volume = {42},
	number = {2},
	pages = {106-112},
	year = {2009},
	issn = {0963-8695},
	doi = {DOI: 10.1016/j.ndteint.2008.10.003},
	url = {http://www.sciencedirect.com/science/article/B6V4C-4TTMN8T-1/2/983092783c608fe93f6b39209be28017}
}

@inproceedings{BirkOsipov2008,
	author = {Birk, Wolfgang and Osipov, Evgeny},
	title = {On the Design of Cooperative Road Infrastructure Systems},
	year = {2008},
	month = {June},
	pages = {349-355},
	booktitle = {Reglermöte 2008},
	issn = {1402-1528}
}

@unpublished{Birk2008,
	author = {Birk, Wolfgang},
	title = {{LED-Guide based ÅDT}},
	note = {Technical Description},
	year = {2008}
}

@misc{Birk2009Communication,
	author = {Birk, Wolfgang},
	title = {},
	year = {2009},
	howpublished = {Personal Communication}
}

@misc{FARSDB,
	author = {{National Highway Traffic Safety Administration}},
	title = {},
	year = {2008},
	url = {http://www-fars.nhtsa.dot.gov},
	howpublished = {Fatality Analysis Reporting System Database}
}

@techreport{GramnerQvarnstromAberg2009,
	author = {Gramner, Kristofer and Qvarnström, Rikard and Åberg, Tim},
	title = {{iRoad - Project in Embedded Systems}},
	year = {2009},
	institution = {Luleå University of Technology}
}
@inproceedings{Blokpoel2009,
	title = {Vehicle reidentification using inductive loops in urban areas},
	author = {Robbin Blokpoel},
	booktitle = {Intelligent Transportation Systems, 2009 16th World Congress and Exhibition on},
	year = {2009},
	month = {September},
	pages = {},
	address = {Stockholm, Sweden}
}

@book{Boyd+Vandenberghe:2004,
	title = {Convex Optimization},
	author = {Boyd, Stephen and Vandenberghe, Lieven},
	year = {2004},
	publisher = {Cambridge University Press}
}

@Manual{CandesRomberg2005,
	title = {l1-MAGIC: Recovery of Sparse Signals via Convex Programming},
	author = {Candès, Emmanuel and Romberg, Justin},
	year = {2005},
	month = {October},
	institution = {Caltech}
}

@book{Bar-Shalom+Fortman:1988,
	author = {Bar-Shalom, Yaakov and Fortmann, Thomas E.},
	title = {Tracking and Data Association},
	year = {1988},
	isbn = {0-120-79760-7},
	publisher = {Academic Press Professional, Inc.},
}

@techreport{CheungVariya2007,
	title = {Traffic Surveillance by Wireless Sensor Networks: Final Report},
	author = {Cheung, Sing-Yiu and Varaiya, Parvin},
	month = {January},
	year = {2007},
	institution = {California Path Program, Institute of Transportation Studies, University of California, Berkeley},
	number={UCB-ITS-PRR-2007-4}
}

@techreport{Sun2000,
	title = {An Investigation in the Use of Inductive Loop Signatures for Vehicle Classification},
	author = {Sun, Carlos},
	year = {2000},
	institution = {California Path Program, Institute of Transportation Studies, University of California, Berkeley},
	number = {UCB-ITS-PRR-2000-4}
}

@mastersthesis{Wahlstrom:2010,
	title = {Target Tracking using Maxwell's Equations},
	author = {Wahlstr\"{o}m, Niklas},
	year = {2010},
	school = {Link\"{o}ping University}
}

@inproceedings{WahlstromCallmerGustafsson2010,
    author = {Wahlstr\"{o}m, Niklas and Callmer, Jonas and Gustafsson, Fredrik},
    title = {Magnetometers for tracking metallic targets},
    year = {2010},
    month = {July},
    address = {Edinburgh, Scotland},
    booktitle = {Proc. 13th International Conference on Information Fusion (FUSION)},
}

@TechReport{Honeywell2005,
	title = {Vehicle Detection Using {AMR} Sensors},
	author = {Honeywell},
	institution = {Honeywell International Inc.},
	year = {2005}
}

@misc{Sensys2010,
	author = {{{SENSYS} Networks}},
	title = {Wireless Vehicle Detection Systems},
	year = {2010},
	month = {October},
	howpublished = {Company Website},
	url = {http://www.sensysnetworks.com}
}

@inproceedings{DingCheungTanVaraiya2004,
	author = {Ding, J. and Cheung, S.-Y. and Tan, C.-W. and Varaiya, P.},
	journal = {Intelligent Transportation Systems, 2004. Proceedings. The 7th International IEEE Conference on},
    title={Signal processing of sensor node data for vehicle detection},
	year = {2004},
	month = {October},
	volume = {},
	number = {},
	pages = {70-75},
}

@Book{Papoulis:1984,
	title = {Probability, Random Variables, and Stochastic Processes},
	author = {Papoulis, Athanasios},
	year = {1984},
	publisher = {McGraw-Hill},
}

@article {Andrieu+DeFreitas+Doucet:2003,
   author = {Andrieu, Christophe and de Freitas, Nando and Doucet, Arnaud and Jordan, Michael I.},
   title = {An Introduction to {MCMC} for Machine Learning},
   journal = {Machine Learning},
   publisher = {Springer Netherlands},
   issn = {0885-6125},
   keyword = {Computer Science},
   pages = {5-43},
   volume = {50},
   issue = {1},
   year = {2003}
}

@article{RydenParkUlriksenMiller2004,
	author = {Ryden, Nils and  Park, Choon B.  and  Ulriksen, Peter and Miller, Richard D.},
	title = {Multimodal Approach to Seismic Pavement Testing},
journal = {Journal of Geotechnical and Geoenvironmental Engineering},
	publisher = {ASCE},
	year = {2004},
	issn = {10900241},
	eissn = {19435606},
	coden = {JGGEFK},
	volume = {130},
	number = {6},
	pages = {636-645},
}

@Book{ZhongqingLin2009,
	title = {Identification of Damage Using Lamb Waves - From Fundamentals to Applications},
	author = {Zhongqing, Su and Lin, Ye},
	year = {2009},
	publisher = {Springer},
}

@book{Ljung1997,
	title = {System Identification: Theory for the User},
	author = {Ljung, Lennart},
	year = {1997},
	address = {Upper Saddle River, NJ, USA},
	publisher = {Prentice Hall}
}

@book{PintelonSchoukens2001,
	title = {System Identification: A Frequency Domain Approach},
	author = {Pintelon, Rik and Schoukens, Johan},
	year = {2001},
	address = {Piscataway, NJ, USA},
	publisher = {Wiley-IEEE Press}
}

@book{Doyle1997,
	title = {Wave Propagation in Structures - Spectral Analysis Using Fast Discrete Fourier Transforms},
	author = {Doyle, James F.},
	year = {1997},
	publisher = {Springer},
	address = {New York, NY, USA}
}

@article{LiuSutcliffeGraham2010,
	title = {Prediction of tread block forces for a free-rolling tyre in contact with a smooth road},
	journal = {Wear},
	volume = {269},
	number = {9-10},
	pages = {672-683},
	year = {2010},
	issn = {0043-1648},
	author = {Liu, F. and Sutcliffe, M. P. F. and Graham, W.R.},
}

@article{LiuSutcliffeGraham2008,
	title = {Modeling of Tread Block Contact Mechanics Using Linear Viscoelastic Theory},
	author = {Liu, F. and Sutcliffe, M. P. F. and Graham, W. R.},
	journal = {Tire Science and Technology},
	month = {July-September},
	year = {2008},
	volume = {36},
	number = {3},
	pages = {211-226}
}

@article{KoehneMatuteMundl2003,
	title = {Evaluation of Tire Tread and Body Interactions in the Contact Patch},
	author = {Koehne, S. H. and Matute, B. and Mundl, R.},
	journal = {Tire Science and Technology},
	month = {July},
	year = {2003},
	volume = {31},
	number = {3},
	pages = {159-172}
}

@inproceedings{GoelDas2006,
	title = {A Brief Review on Different Surface Wave Methods and their Applicability for Non-destructive Evaluation of Pavements},
	author = {Goel, A and Das, A.},
	booktitle = {2006 Highway Geophysics-NDE Conference},
	month = {December},
	year = {2006},
	pages = {337-350}
}

@misc{BruelKjaerWeb,
	author = {{Br\"{u}el \& Kj{\ae}r}},
	title = {},
	year = {2011},
	month = {July},
	howpublished = {Company Website},
	url = {http://www.bksv.com}
}

@book{SchoukensPintelonRolain2011,
	author = {Schoukens, Johan and Pintelon, Rik and Rolain, Yves},
	title = {Mastering System Identification in 100 Exercises},
	year = {2011},
	publisher = {IEEE Press},
	note = {Preliminary Version}
}

@inproceedings{RydenUlriksenParkMiller2002,
	author = {Ryden, Nils and Ulriksen, Peder and Park, Choon and Miller, Richard},
	title = {Portable Seismic Acuisition System ({PSAS}) for Pavement {MASW}},
	booktitle = {Symposium on the Application of Geophysics to Engineering and Environmental Problems (SAGEEP 2002)},
	year = {2002},
	month = {February}
}

@article{SchoukensRolainPintelon2006,
	title = {Leakage Reduction in Frequency-Response Function Measurements},
	author = {Schoukens, Johan and Rolain, Yves and Pintelon, Rik},
	journal = {IEEE Transactions on Instrumentation and Measurement},
	year = {2006},
	month = {December},
	volume = {55},
	issue = {6}
}

@manual{HMC6042,
	title = {2-Axis Magnetic Sensor Circuit HMC6042},
	author = {Honeywell},
	note = {Datasheet}
}

@manual{HMC105X,
	title = {1, 2 and 3 Axis Magnetic Sensors HMC1051/HMC1052/HMC1053},
	author = {Honeywell},
	note = {Datasheet}
}

@manual{BK4524,
	title = {Miniature Triaxial DeltaTron Accelerometers - Types 4524, 4524-B and 4524-B-001},
	author = {{Brüel \& Kjær}},
	note = {Datasheet}
}

@article{PacejkaBakker1992,
	author = {Pacejka, Hans B. and Bakker, Egbert},
	title = {The Magic Formula Tyre Model},
	journal = {Vehicle System Dynamics},
	volume = {21},
	pages = {1-18},
	year = {1992}
}

@book{Wong2001,
	title = {Theory of Ground Vehicles},
	author = {Wong, Jo Yung},
	year = {2001},
	publisher = {John Wiley \& Sons, Inc.}
}

@article{TielkingRoberts1987,
	title = {Tire Contact Pressure and its Effect on Pavement Strain},
	author = {Tielking, John T. and Roberts, Freddy L.},
	year = {1987},
	journal = {Transportation Engineering}
}

@article{HochuliSayirPoulikakosPartl2001,
	title = {Measuring the Complex Modulus of Asphalt Mixtures by Structural Wave Propagation},
	author = {Hochuli, A. S. and Sayir, M. B. and Poulikakos, L. D. and Partl, M. N.},
	year = {2001},
	journal = {Journal of the Association of Asphalt Paving Technologists},
	volume = {70}
}

@manual{TRVK2011:072,
	title = {Trafikverkets tekniska krav Vägkonstruktion},
	author = {Trafikverket},
	year = {2011},
	note = {TRVK 2011:072}
}

@manual{TRVR2011:073,
	title = {Trafikverkets tekniska råd Vägkonstruktion},
	author = {Trafikverket},
	year = {2011},
	note = {TRVR 2011:073}
}

@book{AbramowitzStegun1964,
	title = {Handbook of Mathematical Functions},
	author = {Abramowitz, Milton and Stegun, Irene A.},
	address = {Washington, DC, USA},
	year = {1964},
	publisher = {National Institute of Standards and Technology}
}

@article{Lamb1917,
	author = {Lamb, Horace},
	title = {On Waves in an Elastic Plate},
	journal = {Proceedings of the Royal Society of London. Series A},
	year = {1917},
	volume = {93},
	number = {648},
	pages = {114-128},
	month = {March}
}

@book{Rose1999,
	title = {Ultrasonic Waves in Solid Media},
	author = {Rose, Joseph L.},
	year = {1999},
	publisher = {Cambridge University Press},
	address = {Cambridge, UK}
}

@inproceedings{BirkOsipovEliasson2009,
	author = {Wolfgang Birk and Evgeny Osipov and Jens Eliasson},
	title = {{iRoad} -- Cooperative Road Infrastructure Systems for Driver Support},
	booktitle = {Intelligent Transportation Systems, 2009 16th ITS World Congress and Exhibition on},
	year = {2009},
	month = {September},
	address = {Stockholm, Sweden}
}

@inproceedings{GirbanPopa2010,
	author = {Girban, G. and Popa, M.},
	booktitle = {Proc. International Joint Conference on Computational Cybernetics and Technical Informatics (ICCC-CONTI)},
	title = {A glance on {WSN} lifetime and relevant factors for energy consumption},
	year = {2010},
	month = may,
	address = {Timisoara, Romania},
	volume = {},
	number = {},
	pages = {523-528},
	keywords = {},
	doi = {10.1109/ICCCYB.2010.5491217},
	ISSN = {},
}

@article {YuPrasanna2005,
	author = {Yu, Yang and Prasanna, Viktor K.},
	affiliation = {Department of Electrical Engineering University of Southern California Los Angeles CA 90089-2562 USA},
	title = {Energy-Balanced Task Allocation for Collaborative Processing in Wireless Sensor Networks},
	journal = {Mobile Networks and Applications},
	publisher = {Springer Netherlands},
	issn = {1383-469X},
	keyword = {Computer Science},
	pages = {115-131},
	volume = {10},
	issue = {1},
	year = {2005}
}

@inproceedings{GiannecchiniCaccamoShih2004,
	author = {Giannecchini, S. and Caccamo, M. and Shih, Chi-Sheng},
	booktitle = {Proc. 16th Euromicro Conference on Real-Time Systems, {ECRTS}},
	title = {Collaborative resource allocation in wireless sensor networks},
	year = {2004},
	month = {June},
	volume = {},
	number = {},
	pages = {35-44},
  address = {Catania, Sicily, Italy},
	keywords = {CoRAl; collaborative resource allocation; communication channel; fast online resource allocation; network capacity; wireless sensor networks; Internet; real-time systems; resource allocation; wireless sensor networks;},
}

@article{PintelonSchoukens2002,
	author = {Pintelon, Rik and Schoukens, Johan},
	title = {Measurement and Modelling of Linear Systems in the Presence of Non-Linear Distortions},
	journal = {Mechanical Systems and Signal Processing},
	year = {2002},
	pages = {785-801},
	volume = {16},
	number = {5}
}

@article{LaforgiaNatalini2010,
	author = {Laforgia, Andrea and Natalini, Pierpaolo},
	title = {Some Inequalities for Modified Bessel Functions},
	journal = {Journal of Inequalities and Applications},
	year = {2010}
}

@article{GoktepeAgarLav2006,
	author = {Goktepe, A. Burak and Agar, Emine  and Lav, A. Hilmi},
	title = {Advances in backcalculating the mechanical properties of flexible pavements},
	journal = {Advances in Engineering Software},
	volume = {37},
	number = {7},
	pages = {421-431},
	year = {2006}
}

@TechReport{Davis1998,
	title = {Nondestructive Test Methods for Evaluation of Concrete in Structures},
	author = {Davis, A. G.},
	year = {1998},
	institution = {American Concrete Institute}
}

@article{Lentz1976,
	author = {Lentz, William J.}, 
	journal = {Appl. Opt.}, 
	number = {3}, 
	pages = {668-671}, 
	title = {Generating {Bessel} Functions In {Mie} Scattering Calculations Using Continued Fractions}, 
	volume = {15}, 
	month = {March},
	year = {1976}
}

@InProceedings{BajwaRajagopalVariyaKavaler2011,
	title = {In-pavement wireless sensor network for vehicle classification},
	booktitle = {Information Processing in Sensor Networks (IPSN), 2011 10th International Conference on },
	author = {Bajwa, Ravneet and Rajagopal, Ram and Varaiya, Pravin and Kavaler, Robert},
	month = {April},
	year = {2011},
	pages = {85-96},
	address = {Chicago, IL, USA}
}

@article{Rothenberg1971,
     title = {Identification in Parametric Models},
     author = {Rothenberg, Thomas J.},
     journal = {Econometrica},
     volume = {39},
     number = {3},
     pages = {577-591},
     ISSN = {00129682},
     year = {1971}
}

@article{Peach1995,
	author = {Peach, N.},
	journal = {Control Theory and Applications, IEE Proceedings},
	title = {Bearings-only tracking using a set of range-parameterised extended {Kalman} filters},
	year = {1995},
	month = {January},
	volume = {142},
	number = {1},
	pages = {73-80},
	ISSN = {1350-2379}
}

@article{BurakAgarHilmi2006,
	author = {Burak Goktepe, A. and Agar, Emine and Hilmi Lav, A.},
	title = {Advances in backcalculating the mechanical properties of flexible pavements},
	journal = {Advances in Engineering Software},
	volume = {37},
	number = {7},
	pages = {421-431},
	year = {2006},
	issn = {0965-9978},
}

@inproceedings{NgTanGuzman2009,
	author = {Ng, Eng-Han and Tan, Su-Lim and Guzman, Jesus Garcia},
	booktitle = {Intelligent Signal Processing and Communications Systems, 2008. ISPACS 2008. International Symposium on},
	title = {Road traffic monitoring using a wireless vehicle sensor network},
	year = {2009},
	month = {February},
	address = {Bangkok, Thailand}
}

@article{SifuentesCasasPallas2011,
	author = {Sifuentes, E. and Casas, O. and Pallas-Areny, R.},
	journal = {Sensors Journal, IEEE},
	title={Wireless Magnetic Sensor Node for Vehicle Detection With Optical Wake-Up},
	year = {2011},
	month = {August},
	volume = {11},
	number = {8},
	pages = {1669-1676},
	ISSN={1530-437X},
}

@inproceedings{PaniScalaBollaDavoli1999,
	author = {Pani, B. and Scala, P. and Bolla, R. and Davoli, F.},
	booktitle = {Image Analysis and Processing, 1999. Proceedings. International Conference on},
	title = {Filtering and prediction techniques in radar tracking of vehicles for assisted driving},
	year = {1999},
	month = {},
	pages = {1148-1151},
	ISSN = {},
}

@inproceedings{FigueiredoJesusMachado2001,
	author = {Figueiredo, L. and Jesus, I. and Machado, J.A.T. and Ferreira, J.R. and Martins de Carvalho, J.L.},
	booktitle = {Intelligent Transportation Systems, 2001. Proceedings. 2001 IEEE},
	title = {Towards the development of intelligent transportation systems},
	year = {2001},
	month = {},
	volume = {},
	number = {},
	pages = {1206-1211},
	ISSN = {},
}

@article{VeeraraghavanMasoudPapanikolopoulos2003,
	author = {Veeraraghavan, H. and Masoud, O. and Papanikolopoulos, N.P.},
	journal = {Intelligent Transportation Systems, IEEE Transactions on},
	title = {Computer vision algorithms for intersection monitoring},
	year = {2003},
	month = {June},
	volume = {4},
	number = {2},
	pages = {78-89},
	ISSN = {1524-9050},
}

@article{ZhouCaiChen2007,
	author = {Zhou, Z.F. and Cai, P. and Chen, R.X.},
	journal = {Science, Measurement Technology, IET},
	title = {Estimating the axle weight of vehicle in motion based on nonlinear curve-fitting},
	year = {2007},
	month = {July},
	volume = {1},
	number = {4},
	pages = {185-190},
	ISSN = {1751-8822},
}

@book{RisticArulampalamGordon2004,
	author = {Ristic, Branko and Arulampalam, Sanjeev and Gordon, Neil},
	title = {Beyond the {Kalman} Filter -- Particle Filters for Tracking Applications},
	year = {2004},
	publisher = {Artech House}
}

@article{Arulampalam+Maskell+Gordon:2002,
	author = {Arulampalam, M. S. and Maskell, S. and Gordon, N. and Clapp, T.},
	journal = {IEEE Transactions on Signal Processing},
	title = {A tutorial on particle filters for online nonlinear/non-{G}aussian {B}ayesian tracking},
	year = {2002},
	month = {February},
	volume = {50},
	number = {2},
	pages = {174-188}
}

@Book{Rajamani2006,
	author = {Rajamani, Rajesh},
	title = {Vehicle Dynamics and Control},
	year = {2006},
	publisher = {Springer}
}

@TechReport{SayersKaramihas1998,
	title = {The Little Book of Profiling},
	author = {Sayers, Michael W. and Karamihas, Steven M.},
	institution = {University of Michigan},
	year = {1998}
}

@manual{ISO8608,
	title = {ISO 8608: Mechanical Vibration -- Road Surface Profiles -- Reporting of Measured Data},
	author = {{International Organization for Standardization}},
	publisher = {International Organization for Standardization},
	institution = {International Organization for Standardization},
	year = {1995}
}

@manual{ASTME1926,
	title = {{ASTM} {E1926}: Standard Practice for Computing International Roughness Index of Roads from Longitudinal Profile Measurements},
	publisher = {ASTM International},
	institution = {ASTM International},
	year = {2008}
}

@article{Levenberg1944,
	author = {Levenberg, K.},
	title = {A Method for the Solution of Certain Non-linear Problems in Least Squares},
	journal = {Quarterly Journal of Applied Mathmatics},
	year =  {1944},
	volume =  {II},
	number =  {2},
	pages =  {164-168},
}

@article{Marquardt1963,
	title = {An Algorithm for Least-Squares Estimation of Nonlinear Parameters},
	author = {Marquardt, Donald W.},
	journal = {Journal of the Society for Industrial and Applied Mathematics},
	volume = {11},
	number = {2},
	pages = {431-441},
	year = {1963}
}

@InProceedings{SvendeniusWittenmark2003,
	title = {Brush Tire Model with Increased Flexibility},
	booktitle = {European Control Conference},
	author = {Svendenius, Jacob and Wittenmark, Björn},
	month = {September},
	year = {2003},
	address = {Cambridge, UK}
}

@inproceedings{Wan+VanDerMerwe:2000,
	author = {Wan, Eric A. and Van Der Merwe, Rudolph},
	booktitle = {Adaptive Systems for Signal Processing, Communications, and Control Symposium (AS-SPCC)},
	title = {The unscented {K}alman filter for nonlinear estimation},
	year = {2000},
	pages = {153--158},
}

@misc{ETSI2012,
	author = {{European Telecommunications Standards Institute}},
	title = {Intelligent Transport Systems},
	year = {2012},
	month = {April},
	howpublished = {ETSI Technology Website},
	url = {http://www.etsi.eu/WebSite/Technologies/IntelligentTransportSystems.aspx}
}

@article{VliegerKeukeleereKretzschmar2000,
	author = {De Vlieger, I. and De Keukeleere, D. and Kretzschmar, J. G.},
	title = {Environmental effects of driving behaviour and congestion related to passenger cars},
	journal = {Atmospheric Environment},
	volume = {34},
	number = {27},
	pages = {4649-4655},
	year = {2000}
}

@Misc{WHO2009,
	author = {{World Health Organization}},
	title = {Global Status Report on Road Safety -- Time for Action},
	year = {2009}
}

@Misc{FARS2010,
	author = {{National Highway Traffic Safety Administration}},
	title = {{FARS} Encyclopedia: Manner of Collision vs. Total Lanes in Roadway},
	year = {2010}
}

@inproceedings{KoderaItaiYasukawa2007,
	author = {Kodera, Kenji and Itai, Akitoshi and Yasukawa, Hiroshi},
	booktitle = {Intelligent Transportation Systems Conference, 2007. ITSC 2007. IEEE},
	title = {Sound Localization of Approaching Vehicles Using Uniform Microphone Array},
	year = {2007},
	month = {October},
	volume = {},
	number = {},
	pages = {1054-1058}
}

@article{TaniguchiShimamoto2004,
	author = {Taniguchi, Eiichi and Shimamoto, Hiroshi},
	title = {Intelligent transportation system based dynamic vehicle routing and scheduling with variable travel times},
	journal = {Transportation Research Part C: Emerging Technologies},
	volume = {12},
	number = {3-4},
	pages = {235-250},
	year = {2004},
}

@article{KozakPohlBirk2006,
	title = {Evaluation of lane departure warnings for drowsy drivers},
	author = {Kozak, K. and Pohl, J. and Birk, W. and Greenberg, J. and Artz, B. and Blommer, M. and Cathey, L. and Curry, R.},
	journal = {Proceedings of the Human Factors and Ergonomics Society Annual Meeting},
	volume = {50},
	number = {22},
	pages = {2400-2404},
	year = {2006},
}

@PhDThesis{Brannstrom2011,
	title = {Decision-Making in Automotive Collision Avoidance Systems},
	author = {Mattias Brännström},
	year = {2011},
	school = {Chalmers University of Technology}
}

@article{BarthBoriboonsomsin2010,
	title = {Traffic congestion and greenhouse gases},
	author = {Barth, M. and Boriboonsomsin, K.},
	journal = {TR News},
	volume = {268},
	year = {2010}
}

@inproceedings{ZhangYuGuoZhang2010,
	author = {Zhang, Yonglin and Yu, Nanhui and Guo, Weifeng and Zhang, Yunqing},
	booktitle = {Industrial Mechatronics and Automation (ICIMA), 2010 2nd International Conference on},
	title = {The efficient numerical simulation of stochastic road excitation to vehicles in time domain},
	year = {2010},
	month = {May},
	volume = {2},
	number = {},
	pages = {150-154},
}

@techreport{MimbelaKlein2000,
	title = {Summary of vehicle detection and surveillance technologies used in intelligent transportation systems},
	author = {Mimbela, Luz Elena Y. and Klein, Lawrence A.},
	year = {2000},
	institution = {Federal Highway Administration},
	url = {http://www.fhwa.dot.gov/ohim/tvtw/vdstits.pdf}
}

@incollection{TavaresSilvaVieiraSaldanha2011,
   author = {Tavares, L. D. and Silva, G. R. L. and Vieira, D. A. G. and Saldanha, R. R. and Caminhas, W. M.},
   title = {Detecting Car Accidents Based on Traffic Flow Measurements Using Machine Learning Techniques},
   booktitle = {Combinations of Intelligent Methods and Applications},
   pages = {109-124},
   volume = {8},
   year = {2011}
}

@TechReport{KlauerDingusNeale2006,
	title = {The Impact of Driver Inattention on Near-Crash/Crash Risk: An Analysis using the 100-Car Naturalistic Driving Study Data},
	author = {Klauer, S.G. and Dingus, T. A. and Neale, V. L. and Sudweeks, J. D. and Ramsey, D. J.},
	institution = {National Highway and Traffic Safety Administration},
	year = {2006}
}

@misc{EC2011,
	author = {{European Comission}},
	title = {{EU} Transport in Figures},
	year = {2011}
}

@article{ChanYuLaw2001,
	author = {Chan, T. H. T. and Yu, L. and Law, S. S. and Yung, H.},
	title = {Moving Force Identification Studies, {I}: Theory},
	journal = {Journal of Sound and Vibration},
	volume = {247},
	number = {1},
	pages = {59-76},
	year = {2001}
}

@Misc{Vagverket2010,
	author = {V\"{a}gverket},
	title = {Ny metod f\"{o}r trafikm\"{a}tning},
	year = {2010}
}

@article{Root1970,
	author = {Root, William L.},
	journal = {Proceedings of the IEEE},
	title = {An Introduction to the Theory of the Detection of Signals in Noise},
	year = {1970},
	month = {May},
	volume = {58},
	number = {5},
	pages ={610-623},
}

@book{Kay1998,
	title = {Fundamentals of Statistical Signal Processing: Detection Theory},
	author = {Kay, Steven M.},
	month = {},
	year = {1998},
	publisher = {Prentice Hall},
}

@article{KrzysztofowiczLong1990,
	author = {Krzysztofowicz, R. and Long, D.},
	journal = {Systems, Man and Cybernetics, IEEE Transactions on},
	title = {Fusion of detection probabilities and comparison of multisensor systems},
	year = {1990},
	month = {May/June},
	volume = {20},
	number = {3},
	pages = {665-677},
}

@book{Billingsley1995,
	title = {Probability and measure},
	author = {Billingsley, P.},
	year = {1995},
	publisher = {Jown Wiley \& Sons}
}

@article{ZhangForshaw1997,
	title = {A parallel algorithm to extract information about the motion of road traffic using image analysis},
	author = {Zhang, Xu and Forshaw, M.R.B.},
	journal = {Transportation Research Part C: Emerging Technologies},
	volume = {5},
	number = {2},
	pages = {141-152},
	year = {1997}
}

@inproceedings{GoyatChateauMalaterre2006,
	author = {Goyat, Y. and Chateau, T. and Malaterre, L. and Trassoudaine, L.},
	title = {Vehicle trajectories evaluation by static video sensors},
	booktitle = {Proc. 9th International IEEE Conference on Intelligent Transportation Systems (ITSC), 2006 },
	year = {2006},
  address = {Toronto, Canada},
	month = {September},
	pages = {864-869},
}

@inproceedings{PucherSchabusSchallauer2010,
	author = {Pucher, M. and Schabus, D. and Schallauer, P. and Lypetskyy, Y. and Graf, F. and Rainer, H. and Stadtschnitzer, M. and Sternig, S. and Birchbauer, J. and Schneider, W. and Schalko, B.},
	title = {Multimodal highway monitoring for robust incident detection},
	booktitle = {Proc. 13th International IEEE Conference on Intelligent Transportation Systems (ITSC)}, 
	address = {Madeira Island, Portugal},
	year = {2010},
	month = {September},
	pages={837-842},
}

@article{ChinrungruengKaewkamnerdPongthornseri2010,
	title = {Wireless Sensor Network: Application to Vehicular Traffic},
	author = {Chinrungrueng, J. and Kaewkamnerd, S. and Pongthornseri, R. and Dumnin, S. and Sunantachaikul, U. and Kittipiyakul, S. and Samphanyuth, S. and Intarapanich, A. and Charoenkul, S. and Boonyanant, P.},
	journal = {Advances in Wireless Sensors and Sensor Networks},
	pages = {199-220},
	year = {2010},
	publisher = {Springer}
}

@booklet{NHTSA2010,
	author = {{National Highway Traffic Safety Administration}},
	title = {Traffic Safety Facts 2010: A Compilation of Motor Vehicle Crash Data from the Fatality Analysis Reporting System and the General Estimates System},
	year = {2010},
	number = {{DOT HS 811 659}},
	url={http://www-nrd.nhtsa.dot.gov/Pubs/811659.pdf}
}

@article{Moler2002,
	title = {Stop. {Y}ou're Going the Wrong Way!},
	author = {Moler, Steve},
	journal = {Public Roads},
	year = {2002},
	month = {September-October},
	volume = {66},
	number = {2},
	pages = {24-29}
}

@article{SolieAuld1973,
	author = {Solie, L. P. and Auld, B. A.},
	title = {Elastic Waves in Free Anisotropic Plates},
	publisher = {ASA},
	year = {1973},
	journal = {The Journal of the Acoustical Society of America},
	volume = {54},
	number = {1},
	pages = {50-65}
}

@article{HeiseyStokoeMeyer1982,
	title = {Moduli of Pavement Systems from Spectral Analysis of Surface Waves},
	author = {Heisey, J. S. and Stokoe, K. H. and Meyer, A. H.},
	journal = {Transportation Research Record},
	pages = {22-31},
	number = {852},
	year = {1982}
}

@article{NazarianStokoeHudson1983,
	title = {Use of Spectral Analysis of Surface Waves Method for Determination of Moduli and Thicknesses of Pavement Systems},
	author = {Nazarian, Soheil and Stokoe, K. H. and Hudson, Ronald W.},
	journal = {Transportation Research Record},
	pages = {38-45},
	number = {930},
	year = {1983}
}

@article{ParkMillerXia1999,
	author = {Park, Choon B. and Miller, Richard D. and Xia, Jianghai},
	title = {Multichannel Analysis of Surface Waves},
	journal = {Geophysics},
	volume = {64},
	number = {3},
	pages = {800-808},
	year = {1999}
}

@inproceedings{RydenUlriksenParkMillerXiaIvanov2001,
	author = {Ryden, Nils and Ulriksen, Peter and Park, Choon B. and Miller, Richard D. and Xia, Jianhai and Ivanov, Julian},
	title = {High Frequency {MASW} for Non-Destructive Testing of Pavements -- Accelerometer Approach},
	booktitle = {Symposium on the Application of Geophysics to Engineering and Environmental Problems (SAGEEP 2002)},
	year = {2001},
}

@article{ShuoFwaTan1996,
	title = {Closed-Form Back-Calculation of Rigid-Pavement Parameters},
	author = {Shuo, Li and Fwa, T. F and Tan, K. H.},
	journal = {Journal of Transportation Engineering},
	volume = {122},
	number = {1},
	pages = {5-11},
	year = {1996}
}

@inproceedings{Irwin2002,
	title = {Backcalculation: An Overview and Perspective},
	author = {Irwin, L. H.},
	booktitle = {Pavement Evaluation Conference},
	address = {Roanoke, VA, USA},
	year = {2002}
}

@article{RakeshJainReddy2006,
	author = {Rakesh, Nune and Jain, A. K. and Reddy, M. Amaranatha and Reddy, K. Sudhakar},
	title = {Artificial Neural Networks—Genetic Algorithm based Model for Backcalculation of Pavement Layer Moduli},
	journal = {International Journal of Pavement Engineering},
	volume = {7},
	number = {3},
	pages = {221-230},
	year = {2006},
	doi = {10.1080/10298430500495113}
}

﻿@article{KhazanovichRoesler1997,
	title = {DIPLOBACK: Neural-Network-Based Backcalculation Program for Composite Pavements},
	author = {Khazanovich, Lev and Roesler, Jeffery},
	journal = {Transportation Research Record: Journal of the Transportation Research Board},
    volume = {1570},
    number = {1},
    pages = {143-150},
    year = {1997},
    doi = {10.3141/1570-17}
}

@article{FwaTanChan1997,
	title = {Backcalculation Analysis of Pavement-Layer Moduli Using Genetic Algorithms},
	author = {Fwa, T. F. and Tan, C. Y. and Chan, W. T.},
	journal = {Transportation Research Record: Journal of the Transportation Research Board},
    volume = {1570},
    number = {1},
	pages = {134-142},
	year = {1997},
    doi = {10.3141/1570-16}
}

@article{Hunaidi1998,
	title = {Evolution-based Genetic Algorithms for Analysis of Non-Destructive Surface Wave Tests on Pavements},
	author = {Hunaidi, Osama},
	journal = {{NDT} \& {E} International},
	volume = {31},
	number = {4},
	pages = {273-280},
	year = {1998},
	issn = {0963-8695},
	doi = {10.1016/S0963-8695(98)00007-3}
}

@article{Uzan1994,
	author = {Uzan, Jacob},
	title = {Dynamic Linear Back Calculation of Pavement Material Parameters},
	journal = {Journal of Transportation Engineering},
	volume = {120},
	number = {1},
	pages = {109-126},
	year = {1994},
	doi = {10.1061/(ASCE)0733-947X(1994)120:1(109)},
}

@book{TayabjiLukanen2000,
	title = {Nondestructive Testing of Pavements and Backcalculations of Moduli},
	author = {Tayabji, Shiraz D. and Lukanen, Erland O. (Eds)},
	year = {2000},
	volume = {3}
}

@article{HoffmanThmpson1982,
	title = {Comparative Study of Selected Nondestructive Testing Devices},
	author = {Hoffman, Mario S. and Thompson, Marshall R.},
	journal = {Transportation Research Record},
	number = {852},
	pages = {32-41},
	year = {1982}
}

@inproceedings{ClaessenValkeringDitmarsch1976,
	title = {Pavement Evaluation with the Falling Weight Deflectometer},
	author = {Claessen, A. I. and Valkering, C. P. and Ditmarsch, R.},
	booktitle = {Association of Asphalt Paving Technologists Proc},
	volume = {45},
	year = {1976}
}

@article{Daum2005,
	author = {Daum, Fred},
	journal = {Aerospace and Electronic Systems Magazine, IEEE},
	title = {Nonlinear Filters: Beyond the {K}alman Filter},
	month = {August},
	year = {2005},
	volume = {20},
	number = {8},
	pages = {57-69},
	doi = {10.1109/MAES.2005.1499276},
}

@article{SchonWillsNinness2011,
	title = {System identification of nonlinear state-space models},
	author = {Schön, Thomas Bo and Wills, Adrian and Ninness, Brett},
	journal = {Automatica},
	volume = {47},
	number = {1},
	pages = {39-49},
	month = {January},
	year = {2011},
	issn = {0005-1098},
	doi = {10.1016/j.automatica.2010.10.013},
}

@book{McCallVodrazka1997,
	title = {States' Successful Practices Weigh-in-Motion Handbook},
	author = {McCall, Bill and Vodrazka, Walter C.},
	year = {1997},
	publisher = {Federal Highway Administration}
}

@article{VanDenBos1994,
	author = {Van Den Bos, A.},
	journal = {Vision, Image and Signal Processing, IEE Proceedings on},
	title = {Complex Gradient and {Hessian}},
	year = {1994},
	volume = {141},
	number = {6},
	pages = {380-383},
}

@article{Soderstrom2007,
	author = {Söderström, Torsten},
	title = {Errors-in-variables methods in system identification},
	journal = {Automatica},
	volume = {43},
	number = {6},
	pages = {939-958},
	year = {2007},
}

@article{SchoukensPintelonVandersteen1997,
	title = {Frequency-domain System Identification Using Non-Parametric Noise Models Estimated from a small Number of Data Sets},
	author = {Schoukens, Johan and Pintelon, Rik and Vandersteen, Gerd and Guillaume, P.},
	journal = {Automatica},
	volume = {33},
	number = {6},
	pages = {1073-1086},
	year = {1997}
}

@ARTICLE{SchoukensPintelonOuderaa1988,
	author = {Schoukens, Johan and Pintelon, Rick and van der Ouderaa, Edwin and Renneboog, Jean},
	journal = {Instrumentation and Measurement, IEEE Transactions on},
	title = {Survey of excitation signals for {FFT} based signal analyzers},
	year = {1988},
	volume = {37},
	number = {3},
	pages = {342-352},
}

@article{SoderstromMahataSoverini2003,
	author = {Torsten Söderström and Kaushik Mahata and Umberto Soverini},
	title = {Identification of dynamic errors-in-variables models: Approaches based on two-dimensional {ARMA} modeling of the data},
	journal = {Automatica},
	volume = {39},
	number = {5},
	pages = {929-935},
	year = {2003},
}

@techreport{Gillard2006,
	title = {An Historical Overview of Linear Regression with Errors in Both Variables},
	author = {Gillard, J. W.},
	institution = {Cardiff University},
	year = {2006}
}

@inproceedings{Birsan2003Conf,
	author = {Birsan, Marius},
	title = {Non-linear {K}alman Filters for Tracking a Magnetic Dipole},
	booktitle = {Proc. of Intl. Conf. on Maritime Electromagnetics, MARELEC},
	address = {London, UK},
	month = {},
	year = {2003}
}

@TechReport{Birsan:2003,
	title = {Non-linear {Kalman} Filters for Tracking a Magnetic Dipole},
	author = {Birsan, Marius},
	month = {December},
	year = {2003},
	institution = {Defence R\&D Canada},
	address = {Dartmouth, NS, Canada},
	number = {DRDC-ATLANTIC-TM-2003-230}
}

@patent{Rakijas+Saglembeni+Kohnen:2001,
	author = {Rakijas, Michael and Saglembeni, Anthony and Kohnen, Kirk K. and Gilbert, Harold C.},
	title = {Magnetic Object Tracking Based on Direct Observation of Magnetic Sensor Measurements},
	year = {2001},
	month = {July},
	day = {31},
	number = {6269324},
	type = {US Patent},
	location = {US},
}

@ARTICLE{WahlstromGustafsson2014,
	author = {Wahlström, Niklas and Gustafsson, Fredrik},
	journal = {Signal Processing, IEEE Transactions on},
	title = {Magnetometer Modeling and Validation for Tracking Metallic Targets},
	month = {February},
	year = {2014},
	volume = {62},
	number = {3},
	pages = {545-556}
}

@article{Gustafsson+Gunnarsson+Bergman:2002,
	author = {Gustafsson, Fredrik and Gunnarsson, Fredrik and Bergman, Niclas and Forssell, Urban and Jansson, Jonas and Karlsson, Rickard and Nordlund, Per-Johan},
	journal = {IEEE Transactions on Signal Processing},
	title = {Particle Filters for Positioning, Navigation, and Tracking},
	month = {February},
	year = {2002},
	volume = {50},
	number = {2},
	pages = {425-437},
}

@article{Schon+Gustafsson+Nordlund:2005,
	author = {Schön, Thomas and Gustafsson, Fredrik and Nordlund, Per-Johan},
	journal = {IEEE Transactions on Signal Processing},
	title = {Marginalized Particle Filters for Mixed Linear/Nonlinear State-Space Models},
	month = {July},
	year = {2005},
	volume = {53},
	number = {7},
	pages = {2279-2289},
}

@article{FonsecaFerreiraMigon2008,
	author = {Fonseca, Thais C. O. and Ferreira, Marco A. R. and Migon, Helio S.}, 
	title = {Objective Bayesian analysis for the Student-t regression model},
	volume = {95}, 
	number = {2}, 
	pages = {325-333}, 
	year = {2008}, 
	journal = {Biometrika} 
}

@inproceedings{SchonTornqvistGustafsson2007,
	title = {Fast Particle Filters for Multi-rate Sensors},
	author = {Schön, Thomas Bo and Törnqvist, David and Gustafsson, Fredrik},
	booktitle = {15th European Signal Processing Conference (EUSIPCO)},
	year = {2007}
}

@booklet{ICCT2013,
	author = {{The International Council on Clean Transportation}},
	title = {{European Vehicle Market Statistics}},
	year = {2013}
}

@article{Douc+Garivier+Moulines:2011,
	title = {Sequential {Monte Carlo} smoothing for general state space hidden {Markov} models},
	author = {Douc, Randal and Garivier, Aurélien and Moulines, Eric and Olsson, Jimmy},
	journal = {The Annals of Applied Probability},
	month = {December},
	number = {6},
	pages = {2109-2145},
	publisher = {The Institute of Mathematical Statistics},
	volume = {21},
	year = {2011}
}

@techreport{WoodPalmerWalter2011,
	title = {{Driver Interaction with Temporary Traffic Management}},
	author = {Wood, R. and Palmer, M. and Walter, L. and Rillie, I},
	institution = {Transport Research Laboratory, UK},
	month = {June},
	year = {2011},
	number = {RPN 1813}
}

@techreport{FHA2013,
	author = {{Federal Highway Administration}},
	institution ={{U.S. Department of Transportation}},
	title = {{Traffic Monitoring Guide}},
	year = {2013},
	month = {September},
	number = {FHWA-PL-13-015}
}

@article{HegemanTapaniHoogendoorn2009,
	title = {Overtaking assistant assessment using traffic simulation},
	journal = {Transportation Research Part C: Emerging Technologies},
	volume = {17},
	number = {6},
	pages = {617-630},
	year = {2009},
	author = {Geertje Hegeman and Andreas Tapani and Serge Hoogendoorn}
}

@article{SunArrRamachandran2004,
	title = {Vehicle reidentification using multidetector fusion},
	author = {Sun, C.C. and Arr, G.S. and Ramachandran, R.P. and Ritchie, S.G.},
	journal = {IEEE Trans. on Intelligent Transportation Systems},
	volume = {5},
	number = {3},
	pages = {155-164},
	year = {2004},
	publisher = {IEEE}
}

@article{KwongKavalerRajagopal2009,
	title = {Arterial travel time estimation based on vehicle re-identification using wireless magnetic sensors},
	author = {Kwong, K. and Kavaler, R. and Rajagopal, R. and Varaiya, P.},
	journal = {Transportation Research Part C: Emerging Technologies},
	volume = {17},
	number = {6},
	pages = {586-606},
	month = {December},
	year = {2009},
	publisher = {Elsevier}
}

@article{PantazisVergados2007,
	title = {A survey on power control issues in wireless sensor networks},
	author = {Pantazis, N.A. and Vergados, D.D.},
	journal = {Communications Surveys \& Tutorials, IEEE},
	volume = {9},
	number = {4},
	pages = {86-107},
	year = {2007},
	publisher = {IEEE}
}

@book{Bar+Li:1995,
	title = {Multitarget-{M}ultisensor {T}racking: {P}rinciples and {T}echniques},
	author = {Bar-Shalom, Yaakov and Li, Xiao-Rong},
	publisher = {Storrs, CT: YBS Publishing},
	year = {1995}
}

@book{Jackson1975,
	title = {Classical Electrodynamics},
	author =	{Jackson, J. D.},
	publisher = {John Wiley and Sons, Inc.},
	year = {1975},
	edition = {2}
}

@incollection{Wynn1999,
	author = {Wynn, W. M.},
	title =  {{D}etection, localization, and characterization of static magnetic dipole sources},
	booktitle = {{D}etection and {I}dentification of {V}isually {O}bscured {T}argets},
	publisher =	{Taylor and Francis},
	year = {1999},
	pages = {337-374} 
}

@article{GibsonWillsNinness2005,
	author = {Gibson, S. and Wills, A. and Ninness, B.},
	journal = {Automatic Control, IEEE Transactions on},
	title = {Maximum-likelihood parameter estimation of bilinear systems},
	year = {2005},
	month = {October},
	volume = {50},
	number = {10},
	pages = {1581-1596},
}

@book{Bar+Li+Kirubarjan:2004,
	title = {Estimation with Applications to Tracking and Navigation: Theory, Algorithms and Software},
	author = {Bar-Shalom, Yaakov and Li, X Rong and Kirubarajan, Thiagalingam},
	year = {2004},
	publisher = {John Wiley \& Sons},
	address = {}
}

@article{DoddsRobson1973,
	author = {Dodds, C. J. and Robson, J. D.},
	title = {The description of road surface roughness},
	journal = {Journal of Sound and Vibration},
	volume = {31},
	number = {2},
	pages = {175-183},
	year = {1973},
}

@article{Andren2006,
	author = {Andrén, Peter},
	title = {Power Spectral Density Approximations of Longitudinal Road Profiles},
	journal = {International Journal of Vehicle Design},
	volume = {40},
	number = {1},
	pages = {2-14},
	year = {2006}
}

@article{BruscellaRouillardSek1999,
	author = {Bruscella, B. and Rouillard, V. and Sek, M.},
	title = {Analysis of Road Surface Profiles},
	journal = {Journal of Transportation Engineering},
	volume = {125},
	number = {1},
	pages = {55-59},
	month = {January},
	year = {1999},
}

@article{ChongKumar2003,
	author = {Chong, Chee-Yee and Kumar, S. P.},
	journal = {Proceedings of the IEEE},
	title = {Sensor Networks: Evolution, Opportunities, and Challenges},
	year = {2003},
	month = {Aug},
	volume = {91},
	number = {8},
	pages = {1247-1256},
}

@inproceedings{KarpiriskiSenartCahill2006,
	author = {Karpiriski, Marcin and Senart, Aline and Cahill, Vinny},
	booktitle = {Pervasive Computing and Communications Workshops, 2006. PerCom Workshops 2006. Fourth Annual IEEE International Conference on},
	title = {Sensor Networks for Smart Roads},
	year = {2006},
	month = {March},
	address = {Pisa, Italy}
}

@article{Waltz2012,
	title = {How {I} Quantified Myself},
	author = {Waltz, Emily},
	journal = {IEEE Spectrum},
	month = {September},
	year = {2012},
	volume = {50},
	number = {9 (INT)},
}

@article{Lightman2016,
	title = {Next-Gen Sensors Make Golf Clubs, Tennis Rackets, and Baseball Bats Smarter Than Ever},
	author = {Lightman, Karen},
	journal = {IEEE Spectrum},
	month = {March},
	year = {2016},
	volume = {54},
	number = {3 (INT)},
}

@article{Ulrich2013,
	title = {Carbon-Fiber Cars},
	author = {Ulrich, Lawrence},
	journal = {IEEE Spectrum},
	month = {January},
	year = {2013},
	volume = {51},
	number = {1 (INT)},
}

@article{Bleicher2013,
	title = {Farming by the Numbers},
	author = {Bleicher, Ariel},
	journal = {IEEE Spectrum},
	month = {June},
	year = {2013},
	volume = {51},
	number = {6 (INT)}
}

@article{Kumagai2013,
	title = {Swiss Warehouse Helps Buffer the Grid},
	author = {Kumagai, Jean},
	journal = {IEEE Spectrum},
	month = {June},
	year = {2013},
	volume = {51},
	number = {6 (INT)}
}

@article{GharaviGhafurian2011,
	title = {{Smart Grid}: The Electric Energy System of the Future},
	author = {Gharavi, Hamid and Ghafurian, Reza},
	journal = {Proceedings of the IEEE},
	month = {June},
	year = {2011},
	volume = {99},
	number = {6}
}

@incollection{Doucet+Johansen:2011,
	title = {A Tutorial on Particle Filtering and Smoothing: Fifteen Years Later},
	author = {Doucet, Arnaud and Johansen, Adam M.},
	booktitle = {Handbook of Nonlinear Filtering},
	volume = {12},
	pages = {656--704},
	year = {2011},
	address = {Oxford, UK},
	publisher = {Oxford University Press},
    editor = {Crisan, Dan and Rozovskii, Boris},
    series = {Oxford Handbooks},
    isbn = {978-0-199-53290-2}
}

@incollection{Schon+Gustafsson+Karlsson:2011,
	title = {The Particle Filter in Practice},
	author = {Schön, Thomas B. and Gustafsson, Fredrik and Karlsson, Rickard},
	booktitle = {Handbook of Nonlinear Filtering},
	volume = {12},
	pages = {},
	year = {2011},
	address = {Oxford, UK},
	publisher = {Oxford University Press},
    editor = {Crisan, Dan and Rozovskii, Boris},
    series = {Oxford Handbooks},
    isbn = {978-0-199-53290-2}
}

@article{RauchStriebelTung1965,
	title = {Maximum Likelihood Estimates of Linear Dynamic Systems},
	author = {Rauch, Herbert E. and Striebel, Charlotte T. and Tung, Frank},
	journal = {AIAA Journal},
	volume = {3},
	number = {8},
	pages = {1445--1450},
	month = {August},
	year = {1965}
}

@article{KotechaDjuric2003,
    author = {Kotecha, Jayesh H. and Djuri\'c, Petar M.},
    journal = {IEEE Transactions on Signal Processing},
    title = {Gaussian particle filtering},
    year = {2003},
    volume = {51},
    number = {10},
    pages = {2592-2601},
    doi = {10.1109/TSP.2003.816758},
    ISSN = {1053-587X},
    month = {October},
}


@article{DjuricKotechaZhang2003,
	author = {Djuri\'c, Petar M. and Kotecha, Jayesh H. and Zhang, Jianqui and Huang, Yufei and Ghirmai, Tadesse and Bugallo, M\'onica F. and Miguez, Joaquin},
	journal = {IEEE Signal Processing Magazine},
	title = {Particle Filtering},
	year = {2003},
	month = {September},
	volume = {20},
	number = {5},
	pages = {19-38},
}

@article{Gordon+Salmond+Smith:1993,
	author = {Gordon, Neil J. and Salmond, D. J. and Smith, A. F. M.},
	journal = {Radar and Signal Processing, IEE Proceedings F},
	title = {Novel approach to nonlinear/non-{G}aussian {B}ayesian state estimation},
	year = {1993},
	month = {April},
	volume = {140},
	number = {2},
	pages = {107-113},
}

@article{GengBugalloAthalye2014,
	author = {Geng, Li and Bugallo, M\'onica F. and Athalye, Akshay and Djuri\'c, Petar M.},
	journal = {IEEE Journal of Selected Topics in Signal Processing},
	title = {Indoor Tracking with {RFID} Systems},
	year = {2014},
	month = {February},
	volume = {8},
	number = {1},
	pages = {96--105},
}

@article{MunozPerezCalvo2008,
	title = {Traffic Surveillance System Based on a High-Resolution Radar},
	author = {Muñoz-Ferreras, J. M. and Perez-Martinez, F. and Calvo-Gallego, J. and Asensio-Lopez, A. and Dorta-Naranjo, B. P. and Blanco-del-Campo, A.},
	journal = {Geoscience and Remote Sensing, IEEE Transactions on},
	year = {2008},
	month = {June},
	volume = {46},
	number = {6},
	pages = {1624-1633},
}

@inproceedings{MobusKolbe2004,
	author = {Möbus, Rainer and Kolbe, Uli},
	booktitle = {Intelligent Vehicles Symposium, 2004 IEEE},
	title = {Multi-target multi-object tracking, sensor fusion of radar and infrared},
	year = {2004},
	month = {June},
	pages = {732-737},
}

@article{HsiehShihYung2006,
	author = {Hsieh, Jun-Wei and Shih-Hao Yu and Yung-Sheng Chen and Wen-Fong Hu},
	journal = {Intelligent Transportation Systems, IEEE Transactions on},
	title = {Automatic traffic surveillance system for vehicle tracking and classification},
	year = {2006},
	month = {June},
	volume = {7},
	number = {2},
	pages = {175-187},
}

@inproceedings{KadhimBirkGustafsson2013,
	author = {Kadhim, Ali and Birk, Wolfgang and Gustafsson, Thomas},
	title = {Evaluation of Vehicle Tracking for Traffic Monitoring Based on Road Surface Mounted Magnetic Sensors},
	booktitle = {Telematic Applications, 3rd IFAC Symposium on},
	year = {2013},
	pages = {13-18},
	month = {November},
	address = {Seoul, South Korea}
}

@inproceedings{EliassonBirk2009,
	author = {Eliasson, Jens and Birk, Wolfgang},
	booktitle = {Control Applications, (CCA) Intelligent Control, (ISIC), 2009 IEEE},
	title = {Towards Road Surface Monitoring: Experiments and Technical Challenges},
	year = {2009},
	month = {July},
	pages = {655-659},
	address = {St. Petersburg, Russia}
}

@article{CaragliuDelBoNijkamp2011,
	author = {Caragliu, Andrea and Del Bo, Chiara and Nijkamp, Peter},
	title = {Smart Cities in {E}urope},
	journal = {Journal of Urban Technology},
	volume = {18},
	number = {2},
	pages = {65-82},
	year = {2011},
}

@incollection{HernandezVercherMunoz2011,
	author = {Hernández-Muñoz, José M. and Vercher, Jesús Bernat and Muñoz, Luis and Galache, José A. and Presser, Mirko and Hernández Gómez, Luis A. and Pettersson, Jan},
	title={Smart Cities at the Forefront of the Future Internet},	
	booktitle = {The Future Internet},
	year = {2011},
	isbn = {978-3-642-20897-3},
	volume = {6656},
	series = {Lecture Notes in Computer Science},
	editor = {Domingue, John and Galis, Alex and Gavras, Anastasius and Zahariadis, Theodore and Lambert, Dave and Cleary, Frances and Daras, Petros and Krco, Srdjan and Müller, Henning and Li, Man-Sze and Schaffers, Hans and Lotz, Volkmar and Alvarez, Federico and Stiller, Burkhard and Karnouskos, Stamatis and Avessta, Susanna and Nilsson, Michael},
	publisher = {Springer},
	pages={447-462}
}

@misc{EuropeanSmartCities,
	author = {},
	title = {European Smart Cities},
	url = {http://smart-cities.eu},
	note = {Accessed: 2014-03-18}
}

@TechReport{GiffingerFertnerKramar2007,
	title = {Smart Cities - Ranking of {European} Medium-sized Cities},
	author = {Giffinger, Rudolf and Fertner, Christian and Kramar, Hans and Kalasek, Robert and Pichler-Milanovi\'c, Natasa and Meijers, Evert},
	institution = {Center of Regional Science, Vienna University of Technology},
	address = {Vienna, Austria},
	month = {October},
	year = {2007},
	url = {http://smart-cities.eu/download/smart_cities_final_report.pdf}
}

@book{BalandinMoltchanovKoucheryavy2008,
	author ={Balandin, Sergey and Moltchanov, Dmitri and Koucheryavy, Yevgeni},
	title = {Next Generation Teletraffic and Wired/Wireless Advanced Networking},
	year = {2008},
	isbn = {978-3-540-85499-9},
	series = {Lecture Notes in Computer Science},	
	publisher = {Springer},
}

@article{AllwinkleCruickshank2011,
	author = {Allwinkle, Sam and Cruickshank, Peter},
	title = {Creating Smart-er Cities: An Overview},
	journal = {Journal of Urban Technology},
	volume = {18},
	number = {2},
	pages = {1-16},
	year = {2011},
}

@article{DimitrakopoulosDemestichas2010,
	author = {Dimitrakopoulos, George and Demestichas, Panagiotis},
	journal = {Vehicular Technology Magazine, IEEE},
	title = {Intelligent Transportation Systems},
	year = {2010},
	month = {March},
	volume = {5},
	number = {1},
	pages = {77-84},
}

@techreport{SvendeniusWittenmark2003Report,
	title = {Review of Wheel Modeling and Friction Estimation},
	author = {Svendenius, Jacob and Wittenmark, Björn},
	institution = {Lund Institute of Technology},
	number = {ISRN LUTFD2/TFRT--7607--SE},
	month = {August},
	year = {2003}
}

@article{Kalman:1960,
	title = {A New Approach to Linear Filtering and Prediction Problems},
	author = {Kalman, Rudolf E.},
	journal = {Transactions of the ASME, Journal of Basic Engineering},
	pages = {35-45},
	month = {March},
	year = {1960},
	volume = {82},
	number = {1}
}

@article{Hurzeler+Kunsch:1998,
	author = {Hürzeler, Markus and Künsch, Hans R.},
	title = {{Monte Carlo} Approximations for General State-Space Models},
	journal = {Journal of Computational and Graphical Statistics},
	volume = {7},
	number = {2},
	pages = {175-193},
	year = {1998},
}

@inproceedings{Doucet+DeFreitas+Murphy:2000,
	author = {Doucet, Arnaud and De Freitas, Nando and Murphy, Kevin and Russell, Stuart},
	title = {{Rao--Blackwellised} Particle Filtering for Dynamic {Bayesian} Networks},
	booktitle = {16th Conference on Uncertainty in Artificial Intelligence},
	year = {2000},
	pages = {176-183},
	address = {San Francisco, CA, USA},
} 

@incollection{Bengtsson+Bickel+Li:2008,
	author = {Bengtsson, Thomas and Bickel, Peter and Li, Bo},
	title = {Curse-of-Dimensionality Revisited: Collapse of the Particle Filter in Very Large Scale Systems},
	booktitle = {Probability and Statistics: Essays in Honor of David A. Freedman},
	editor = {Nolan, Deborah and Speed, Terry},
	pages = {316-334},
	publisher = {Institute of Mathematical Statistics},
	series = {Collections},
	volume = {2},
	year = {2008},
}

@article{SunRitchie1999,
	author = {Sun, Carlos and Ritchie, Stephen G.},
	title = {Individual Vehicle Speed Estimation Using Single Loop Inductive Waveforms},
	journal = {Journal of Transportation Engineering},
	volume = {125},
	number = {6},
	pages = {531-538},
	month = {November},
	year = {1999},
}

@article{Dailey1999,
	author = {Dailey, Daniel J.}, 
	title = {A Statistical Algorithm for Estimating Speed from Single Loop Volume and Occupancy Measurements},
	journal = {Transportation Research Part B: Methodological},
	volume = {33},
	number = {5},
	pages = {313-322},
	month = {June},
	year = {1999},
}

@article{KiBaik2006,
	author = {Ki, Yong-Kul and Baik, Doo-Kwon},
	journal = {Vehicular Technology, IEEE Transactions on},
	title = {Model for accurate speed measurement using double-loop detectors},
	year = {2006},
	month = {July},
	volume = {55},
	number = {4},
	pages = {1094-1101},
}

﻿@article{SunRitchieOh2003,
	author = {Sun, Carlos and Ritchie, Stephen G. and Oh, Seri},
	title = {Inductive Classifying Artificial Network for Vehicle Type Categorization},
	journal = {Computer-Aided Civil and Infrastructure Engineering},
	volume = {18},
	number = {3},
	pages = {161-172},
	month = {May},
	year = {2003},
}

@article{JainCoifman2005,
	author = {Jain, Manish and Coifman, Benjamin},
	title = {Improved Speed Estimates from Freeway Traffic Detectors},
	journal = {Journal of Transportation Engineering},
	volume = {131},
	number = {7},
	pages = {483-495},
	month = {July},
	year = {2005},
}

@article{AbdulhaiTabib2003,
	author = {Abdulhai, Baher and Tabib, Sayed M.},
	title = {Spatio-temporal inductance-pattern recognition for vehicle re-identification},
	journal = {Transportation Research Part C: Emerging Technologies},
	volume = {11},
	number = {3-4},
	pages = {223-239},
	month = {June-August},
	year = {2003},
}

@article{KiBaik2006Classification,
	author = {Ki, Yong-Kul and Baik, Doo-Kwon},
	journal={Vehicular Technology, IEEE Transactions on},
	title = {Vehicle-Classification Algorithm for Single-Loop Detectors Using Neural Networks},
	year = {2006},
	month = {November},
	volume = {55},
	number = {6},
	pages = {1704-1711},
}

@inproceedings{SotoCipriano1996,
	author = {Soto, Alvaro and Cipriano, Aldo},
	booktitle = {System Theory, 1996., Proceedings of the Twenty-Eighth Southeastern Symposium on},
	title ={Image Processing Applied to Real-Time Measurement of Traffic Flow},
	year = {1996},
	month = {March},
	pages = {312-316},
	address = {Baton Rouge, LA, USA}
}

@article{GupteMasoudMartin2002,
	author = {Gupte, Surendra and Masoud, Osama and Martin, Robert F. K. and Papanikolopoulos, Nikolaos P.},
	journal = {Intelligent Transportation Systems, IEEE Transactions on},
	title = {Detection and classification of vehicles},
	year = {2002},
	month = {March},
	volume = {3},
	number = {1},
	pages = {37-47},
}

@article{LouTanWeiming2005,
	author = {Lou, Jianguang and Tan, Tieniu and Hu, Weiming and Yang, Hao and Maybank, Steven J.},
	journal = {Image Processing, IEEE Transactions on},
	title = {{3D} model-based vehicle tracking},
	year = {2005},
	month = {October},
	volume = {14},
	number = {10},
	pages = {1561-1569},
}

@article{CoifmanBeymerMcLauchlan1998,
	author = {Coifman, Benjamin and Beymer, David and McLauchlan, Philip and Malik, Jitendra},
	title = {A real-time computer vision system for vehicle tracking and traffic surveillance},
	journal = {Transportation Research Part C: Emerging Technologies},
	volume = {6},
	number = {4},
	pages = {271-288},
	month = {August},
	year = {1998},
}

@article{SemertzidisDimitropoulosKoutsia2010,
	author = {Semertzidis, T. and Dimitropoulos, K. and Koutsia, A. and Grammalidis, N.},
	journal = {Intelligent Transport Systems, IET},
	title = {Video sensor network for real-time traffic monitoring and surveillance},
	year = {2010},
	month = {June},
	volume = {4},
	number = {2},
	pages = {103-112},
}

@inproceedings{TropartzHorberGruner1999,
	author = {Tropartz, Stephan and Hörber, Ernst and Grüner, Karl},
	booktitle = {Intelligent Transportation Systems, 1999. Proceedings. 1999 IEEE/IEEJ/JSAI International Conference on},
	title = {Experiences and results from vehicle classification using infrared overhead laser sensors at toll plazas in New York City},
	year = {1999},
	month = {October},
	pages = {686-691},
	address = {Tokyo, Japan}
}

@article{NooralahiyanDoughertyMcKeown1997,
	author = {Nooralahiyan, Amir Y. and Dougherty, Mark and McKeown, Denis and Kirby, Howard R.},
	title = {A field trial of acoustic signature analysis for vehicle classification},
	journal = {Transportation Research Part C: Emerging Technologies},
	volume = {5},
	number = {3-4},
	pages = {165-177},
	month = {August-October},
	year = {1997},
}

@inproceedings{LeeYoonGhosh2008,
	author = {Lee, Sangwon and Yoon, Dukhee and Ghosh, Amitabha},
	booktitle = {Collaborative Technologies and Systems, 2008. CTS 2008. International Symposium on},
	title = {Intelligent Parking Lot Application using Wireless Sensor Networks},
	year = {2008},
	month = {May},
	pages = {48-57},
	address = {Irvine, CA, USA}
}

@article{SucciPradoGampert2000,
	author = {Succi, George P. and Prado, Gervasio and Gampert, Robert and Pedersen, Torstein K. and Dhaliwal, Hardave},
	title = {Problems in Seismic Detection and Tracking},
	journal = {Proc. SPIE},
	volume = {4040},
	number = {},
	pages = {165-173},
	month = {July},
	year = {2000},
}

@manual{Sensebit2014,
	title = {Vehicle Detector {WD-300}},
	author = {{Sensebit AB}},
	year = {2014},
	url = {http://www.sensebit.se/wp-content/uploads/2011/12/WD-300.pdf},
	note = {Accessed: 2014-03-20}
}

@manual{Sensys2014,
	title = {{VSN240} Wireless Flush-Mount Sensor},
	author = {{SENSYS Networks}},
	url = {http://www.sensysnetworks.com/downloads/data-sheets/Datasheet-VSN240-Sensor.pdf},
	note = {Accessed: 2014-03-20},
	year = {2014}
}

@article{Hsieh2004,
	title = {Using Sensor Networks for Highway and Traffic Applications},
	author = {Hsieh, Tim Tau},
	journal = {Potentials, IEEE},
	year = {2004},
	month = {April},
	volume = {23},
	number = {2},
	pages = {13-16},
}

@inproceedings{ForrenJaarsma1997,
	author = {Forren, James F. and Jaarsma, David},
	booktitle = {Intelligent Transportation System, 1997. ITSC '97., IEEE Conference on},
	title = {Traffic monitoring by tire noise},
	year = {1997},
	month = {November},
	pages = {177-182},
}

@inproceedings{WilderMilenkovicJovanov2008,
	author = {Wilder, Joel L. and Milenkovic, Aleksandar and Jovanov, Emil},
	booktitle = {System Theory, 2008. SSST 2008. 40th Southeastern Symposium on},
	title = {Smart Wireless Vehicle Detection System},
	year = {2008},
	month = {March},
	pages = {159-163},
	address = {New Orleans, LA, USA}
}

@article{GibsonNinness2005,
	author = {Gibson, Stuart and Ninness, Brett},
	title = {Robust Maximum-Likelihood Estimation of Multivariable Dynamic Systems},
	journal = {Automatica},
	volume = {41},
	number = {10},
	pages = {1667-1682},
	year = {2005},
}

@article{Godsill+Doucet+West:2004,
    author = {Godsill, Simon J. and Doucet, Arnaud and West, Mike},
    title = {{Monte Carlo} Smoothing for Nonlinear Time Series},
    journal = {Journal of the American Statistical Association},
    volume = {99},
    number = {465},
    pages = {156-168},
    year = {2004},
    doi = {10.1198/016214504000000151},
}

@inproceedings{LindstenBunchGodsill2013,
	author = {Lindsten, Fredrik and Bunch, Pete and Godsill, Simon J. and Schön, Thomas B.},
	booktitle = {Acoustics, Speech and Signal Processing (ICASSP), 2013 IEEE International Conference on},
	title = {{Rao--Blackwellized} Particle Smoothers for Mixed Linear/Nonlinear State-Space Models},
	year = {2013},
	month = {May},
	pages = {6288-6292},
	doi = {10.1109/ICASSP.2013.6638875},
	ISSN = {1520-6149},
	address = {Vancouver, BC, Canada}
}

@inproceedings{Taghavi+Lindsten+Svensson:2013,
	author = {Taghavi, Ehsan and Lindsten, Fredrik and Svensson, Lennart and Schön, Thomas B.},
	booktitle = {IEEE International Conference on Acoustics, Speech and Signal Processing},
	title = {Adaptive Stopping for Fast Particle Smoothing},
	year = {2013},
	month = {May},
	pages = {6293-6297},
	doi = {10.1109/ICASSP.2013.6638876},
	ISSN = {1520-6149},
	address = {Vancouver, BC, Canada}
}

@Book{Sarkka:2013,
    author = {Särkkä, Simo},
	title = {Bayesian Filtering and Smoothing},
	year = {2013},
	publisher = {Cambridge University Press},
    address = {Cambridge, UK}
}

@book{Sarkka+Solin:2018,
    author = {Särkkä, Simo and Solin, Arno},
    title = {Applied Stochastic Differential Equations},
    year = {2018},
    publisher = {Cambridge University Press},
    address = {Cambridge, UK}
}


@InProceedings{ChitralekhaPrakashRaghavan2009,
	author = {Chitralekha, S. B. and Prakash, J. and Raghavan, H. and Gopaluni, R. B. and Shah, S. L.},
	title = {Comparison of Expectation-Maximization based Parameter Estimation using Particle Filter, Unscented and Extended Kalman Filtering Techniques},
	booktitle = {15th IFAC Symposium on System Identification, Proceedings of the},
    year = {2009},
    address = {Saint-Malo, France}, 
    month = {July}
}

@inproceedings{KantasDoucetSingh2009,
    title={An Overview of Sequential {Monte Carlo} Methods for Parameter Estimation in General State-Space Models},
    author = {Kantas, Nicholas and Doucet, Arnaud and Singh, Sumeetpal Sindhu and Maciejowski, Jan Marian},
    booktitle = {15th IFAC Symposium on System Identification (SYSID), Proceedings of the},
    month = {July},
    year = {2009},
    address = {Saint-Malo, France}
}

@inproceedings{DjuricBugalloMiguez2004,
    author = {Djuri\'c, Petar M. and Bugallo, Monica F. and Miguez, Joaquin},
    booktitle = {Acoustics, Speech and Signal Processing (ICASSP), 2004 IEEE International Conference on},
    title = {Density assisted particle filters for state and parameter estimation},
    year = {2004},
    month = {May},
    volume = {2},
    doi = {10.1109/ICASSP.2004.1326354},
    ISSN = {1520-6149},
}

@article{Chopin2002,
    author = {Chopin, Nicolas}, 
    title = {A sequential particle filter method for static models},
    volume = {89}, 
    number = {3}, 
    pages = {539-552}, 
    year = {2002}, 
    doi = {10.1093/biomet/89.3.539}, 
    journal = {Biometrika} 
}

@article{Storvik2002,
    author = {Storvik, Geir},
    journal = {Signal Processing, IEEE Transactions on},
    title = {Particle Filters for State-Space Models with the Presence of Unknown Static Parameters},
    year = {2002},
    month = {Feb},
    volume = {50},
    number = {2},
    pages = {281-289},
    doi = {10.1109/78.978383},
    ISSN = {1053-587X},
}

@article{PolsonStroudMuller2008,
    author = {Polson, Nicholas G. and Stroud, Jonathan R. and Müller, Peter},
    title = {Practical Filtering with Sequential Parameter Learning},
    journal = {Journal of the Royal Statistical Society: Series B (Statistical Methodology)},
    volume = {70},
    number = {2},
    issn = {1467-9868},
    doi = {10.1111/j.1467-9868.2007.00642.x},
    pages = {413-428},
    year = {2008},
}

@article{DoucetTadic2003,
    title = {Parameter Estimation in General State-Space Models using Particle Methods},
    author = {Doucet, Arnaud and Tadi\'c, VladislavB.},
    year = {2003},
    issn = {0020-3157},
    journal = {Annals of the Institute of Statistical Mathematics},
    volume = {55},
    number = {2},
    doi = {10.1007/BF02530508},
    pages = {409-422}
}

@inproceedings{AndrieuDoucet2005,
    author = {Andrieu, Christophe and Doucet, Arnaud and Tadic, Vladislav B.},
    title = {On-Line Parameter Estimation in General State-Space Models},
    booktitle = {Decision and Control, 2005 and 2005 European Control Conference. CDC-ECC '05. 44th IEEE Conference on},
    year = {2005},
    month = {December},
    pages = {332-337},
    doi={10.1109/CDC.2005.1582177},
}

@article{Sarkka2008,
    author = {Särkkä, Simo},
    title = {Unscented {Rauch-Tung-Striebel} Smoother},
    journal = {Automatic Control, IEEE Transactions on},
    year = {2008},
    month = {April},
    volume = {53},
    number = {3},
    pages = {845-849},
    doi = {10.1109/TAC.2008.919531},
    ISSN = {0018-9286},
}

@book{Gelman+Carlin+Stern:2013,
	author = {Gelman, Andrew and Carlin, John B. and Stern, Hal S. and Dunson, David B. and Vehtari, Aki and Rubin, Donald B.},
	title = {Bayesian Data Analysis},
	year = {2013},
	publisher = {CRC Press}
}

@article{Arasaratnam+Haykin:2009,
    author = {Arasaratnam, Ienkaran and Haykin, Simon},
    journal = {IEEE Transactions on Automatic Control},
    title = {Cubature {K}alman Filters},
    year = {2009},
    month = {June},
    volume = {54},
    number = {6},
    pages = {1254-1269},
    doi = {10.1109/TAC.2009.2019800},
    ISSN = {0018-9286},
}

@article{Lindsten+Jordan+Schon:2014,
    author = {Lindsten, Fredrik and Jordan, Michael I. and Schön, Thomas B.},
    title = {Particle {Gibbs} with Ancestor Sampling},
    journal = {Journal of Machine Learning Research},
    year = {2014},
    volume = {15},
    pages = {2145-2184},
}

@inproceedings{Svensson+Schon+Kok:2015,
    author = {Svensson, Andreas and Schön, Thomas B. and Kok, Manon},
    title = {Nonlinear State Space Smoothing Using the Conditional Particle Filter},
    booktitle = {17th IFAC Symposium on System Identification (SYSID)},
    address = {Beijing, China},
    volume = {48},
    number = {28},
    pages = {975--980},
    year = {2015},
    issn = {2405-8963},
    doi = {10.1016/j.ifacol.2015.12.257},
}

@article{Kitagawa1996,
    author = {Kitagawa, Genshiro},
    title = {{Monte Carlo} Filter and Smoother for Non-{G}aussian Nonlinear State Space Models},
    journal = {Journal of Computational and Graphical Statistics},
    volume = {5},
    number = {1},
    pages = {1-25},
    year = {1996},
    doi = {10.1080/10618600.1996.10474692},
}

@inproceedings{DaumHuang2003,
    author = {Daum, Fred and Huang, Jim},
    booktitle = {Aerospace Conference, 2003. Proceedings. 2003 IEEE},
    title = {Curse of dimensionality and particle filters},
    year = {2003},
    month = {March},
    volume = {4},
    pages = {1979-1993},
    doi = {10.1109/AERO.2003.1235126},
    ISSN = {1095-323X},
}

@incollection{HazewinkelMarcus1981,
    year = {1981},
    isbn = {978-94-009-8548-3},
    booktitle = {Stochastic Systems: The Mathematics of Filtering and Identification and Applications},
    volume = {78},
    series = {NATO Advanced Study Institutes Series},
    editor = {Hazewinkel, Michiel and Willems, Jan C.},
    doi = {10.1007/978-94-009-8546-9_31},
    title = {Some Results and Speculations on the Role of {L}ie Algebras in Filtering},
    publisher = {Springer Netherlands},
    author = {Hazewinkel, Michiel and Marcus, Steven I.},
    pages = {591-604},
}

@book{Hydon2000,
    author = {Hydon, Peter E.},
    title = {Symmetry Methods for Differential Equations},
    year = {2000},
    publisher = {Cambridge University Press}
}

@article{ZhangPintelonSchoukens2013,
    author = {Zhang, Erliang and Pintelon, Rik and Schoukens, Johan},
    title = {Errors-in-variables identification of dynamic systems excited by arbitrary non-white input},
    journal = {Automatica},
    volume = {49},
    number = {10},
    pages = {3032-3041},
    year = {2013},
    issn = {0005-1098}
}

@article{Briers+Doucet+Maskell:2010,
    author = {Briers, Mark and Doucet, Arnaud and Maskell, Simon},
    title = {Smoothing algorithms for state–space models},
    journal = {Annals of the Institute of Statistical Mathematics},
    year = {2010},
    issn = {0020-3157},
    volume = {62},
    number = {1},
    pages = {61-89},
    doi = {10.1007/s10463-009-0236-2},
}

@article{BunchGodsill2013,
    author = {Bunch, Pete and Godsill, Simon J.},
    journal = {IEEE Transactions on Signal Processing},
    title = {Improved Particle Approximations to the Joint Smoothing Distribution Using {Markov Chain Monte Carlo}},
    year = {2013},
    month = {February},
    volume = {61},
    number = {4},
    pages = {956-963},
    doi = {10.1109/TSP.2012.2229277},
    ISSN = {1053-587X},
}

@article{Fearnhead+Wyncoll+Tawn:2010,
    author = {Fearnhead, Paul and Wyncoll, David and Tawn, Jonathan}, 
    title = {A sequential smoothing algorithm with linear computational cost},
    journal = {Biometrika},
    volume = {97}, 
    number = {2}, 
    pages = {447-464}, 
    year = {2010}, 
    doi = {10.1093/biomet/asq013}, 
}

@article{Kitagawa1994,
    author = {Kitagawa, Genshiro},
    title = {The two-filter formula for smoothing and an implementation of the {Gaussian-sum} smoother},
    journal = {Annals of the Institute of Statistical Mathematics},
    year = {1994},
    issn = {0020-3157},
    volume = {46},
    number = {4},
    pages = {605-623},
    doi = {10.1007/BF00773470},
}

@article{FraserPotter1969,
    author = {Fraser, D. and Potter, J.},
    journal = {IEEE Transactions on Automatic Control},
    title = {The optimum linear smoother as a combination of two optimum linear filters},
    year = {1969},
    month = {August},
    volume = {14},
    number = {4},
    pages = {387-390},
    doi={10.1109/TAC.1969.1099196},
    ISSN={0018-9286},
}

@inproceedings{SarkkaBunchGodsill2012,
    title = {A backward-simulation based {Rao--Blackwellized} particle smoother for conditionally linear {Gaussian} models},
    author = {Särkkä, Simo and Bunch, Pete and Godsill, Simon J.},
    booktitle = {Proceedings of the 16th IFAC Symposium on System Identification},
    month = {July},
    year = {2012},
    address = {Brussels, Belgium}
}

@article{StockerSilvonenRonkko2016,
    author = {Stocker, Markus and Silvonen, Paula and Rönkkö, Mauno and Kolehmainen, Mikko},
    title = {Detection and Classification of Vehicles by Measurement of Road-Pavement Vibration and by Means of Supervised Machine Learning},
    journal = {Journal of Intelligent Transportation Systems},
    volume = {20},
    number = {2},
    pages = {125-137},
    year = {2016},
    doi = {10.1080/15472450.2015.1004063},
}

@techreport{NordFoU2012,
	title = {{NorSIKT}: State of the art {Norden}},
	author = {Vestman, Thomas},
	institution = {Nordic Research and Development Cooperation},
	year = {2012}
}

@phdthesis{Wahlstrom2013,
    title = {Localization using Magnetometers and Light Sensors},
    author = {Wahlström, Niklas},
    year = {2013},
    school = {Linköping University},
    type = {{Licenciate Thesis}}
}

@book{Rasmussen+Williams:2006,
    title = {Gaussian Processes for Machine Learning},
    author = {Rasmussen, Carl Edward and Williams, Christopher K. I.},
    year = {2006},
    publisher = {The MIT Press},
}

@inproceedings{VallivaaraHaverinenKemppainen2011,
    author = {Vallivaara, Ilari and Haverinen, Janne and Kemppainen, Anssi and Roning, Juha},
    booktitle = {Advanced Robotics (ICAR), 2011 15th International Conference on},
    title = {Magnetic field-based SLAM method for solving the localization problem in mobile robot floor-cleaning task},
    year = {2011},
    month = {June},
    pages = {198-203},
    doi = {10.1109/ICAR.2011.6088632},
}

@inproceedings{VallivaaraHaverinenKemppainen2010,
    author = {Vallivaara, Ilari and Haverinen, Janne and Kemppainen, Anssi and Roning, Juha},
    booktitle = {Multisensor Fusion and Integration for Intelligent Systems (MFI), 2010 IEEE Conference on},
    title = {Simultaneous localization and mapping using ambient magnetic field},
    year = {2010},
    month = {September},
    pages = {14-19},
    doi = {10.1109/MFI.2010.5604465},
}

@inproceedings{RobertsonFrasslAngermann2013,
    author = {Robertson, Patrick and Frassl, Martin and Angermann, Michael and Doniec, Marek and Julian, Brian J. and Garcia Puyol, Maria and Khider, Mohammed and Lichtenstern, Michael and Bruno, Luigi},
    booktitle = {Indoor Positioning and Indoor Navigation (IPIN), 2013 International Conference on},
    title = {Simultaneous Localization and Mapping for pedestrians using distortions of the local magnetic field intensity in large indoor environments},
    year = {2013},
    month = {October},
    pages = {1-10},
    doi = {10.1109/IPIN.2013.6817910},
}

@inproceedings{FrasslAngermannLichtenstern2013,
    author = {Frassl, Martin and Angermann, Michael and Lichtenstern, Michael and Robertson, Patrick and Julian, Brian J. and Doniec, Marek},
    booktitle = {Intelligent Robots and Systems (IROS), 2013 IEEE/RSJ International Conference on},
    title = {Magnetic maps of indoor environments for precise localization of legged and non-legged locomotion},
    year = {2013},
    month = {November},
    pages = {913-920},
    doi = {10.1109/IROS.2013.6696459},
    ISSN = {2153-0858},
}

@inproceedings{AngermannFrasslDoniec2012,
    author = {Angermann, Michael and Frassl, Martin and Doniec, Marek and Julian, Brian J. and Robertson, Patrick},
    booktitle = {Indoor Positioning and Indoor Navigation (IPIN), 2012 International Conference on},
    title = {Characterization of the indoor magnetic field for applications in Localization and Mapping},
    year = {2012},
    month = {November},
    pages = {1-9},
    doi = {10.1109/IPIN.2012.6418864},
}

@inproceedings{KokWahlstromSchon2013,
    author = {Kok, Manon and Wahlström, Niklas and Schön, Thomas B. and Gustafsson, Fredrik},
    booktitle = {Acoustics, Speech and Signal Processing (ICASSP), 2013 IEEE International Conference on},
    title = {MEMS-based inertial navigation based on a magnetic field map},
    year = {2013},
    month = {May},
    pages = {6466-6470},
    doi = {10.1109/ICASSP.2013.6638911},
    ISSN = {1520-6149},
}

@article{GinsbergMohebbiPatel2009,
    author = {Ginsberg, Jeremy and Mohebbi, Matthew H. and Patel, Rajan S. and Brammer, Lynnette and Smolinski, Mark S. and Brilliant, Larry},
    title = {Detecting influenza epidemics using search engine query data},
    journal = {Nature},
    year = {2009},
    month = {February},
    volume = {457},
    issue = {7232},
    pages = {1012-1014},
    ISSN = {0028-0836},
    doi = {10.1038/nature07634}
}

@book{Bishop:2006,
    author = {Bishop, Christopher M.},
	title = {Pattern Recognition and Machine Learning},
	year = {2006},
	publisher = {Springer}
}

@book{HastieTibshiraniFriedman2013,
    author = {Hastie, Trevor and Tibshirani, Robert and Friedman, Jerome}, 
    title = {The Elements of Statistical Learning: Data Mining, Inference, and Prediction},
    year = {2013},
    publisher = {Springer}
}

@article{Hull1994,
    author = {Hull, Jonathan J.},
    journal = {Pattern Analysis and Machine Intelligence, IEEE Transactions on},
    title = {A database for handwritten text recognition research},
    year = {1994},
    month = {May},
    volume = {16},
    number = {5},
    pages = {550-554},
    doi = {10.1109/34.291440},
    ISSN = {0162-8828},
}

@article{OlssonWesterborn2014,
    author = {Olsson, Jimmy and Westerborn, Johan},
    title = {Efficient particle-based online smoothing in general hidden {Markov} models: the {PaRIS} algorithm},
    journal = {ArXiv e-prints},
    year = 2014,
    month = {December},
    note = {arXiv:1412.7550}
}

@article{LiBolicDjuric2015,
    author = {Li, Tiancheng  and Boli\'c, Miodrag and Djuri\'c, Petar M.},
    journal = {Signal Processing Magazine, IEEE},
    title = {Resampling Methods for Particle Filtering: Classification, Implementation, and Strategies},
    year = {2015},
    month = {May},
    volume = {32},
    number = {3},
    pages = {70-86},
    doi = {10.1109/MSP.2014.2330626},
    ISSN = {1053-5888},
}

@inproceedings{KronanderSchonDahlin2014,
    author = {Kronander, Joel and Schön, Thomas B. and Dahlin, Johan},
    booktitle = {IEEE Workshop on Statistical Signal Processing (SSP)},
    title = {Backward sequential {Monte Carlo} for marginal smoothing},
    year = {2014},
    pages = {368-371},
    doi = {10.1109/SSP.2014.6884652},
    month={June}
}

@article{Pitt+Shephard:1999,
    author = {Pitt, Michael K. and Shephard, Neil},
    title = {Filtering via Simulation: Auxiliary Particle Filters},
    journal = {Journal of the American Statistical Association},
    volume = {94},
    number = {446},
    pages = {590-599},
    year = {1999},
    doi = {10.1080/01621459.1999.10474153},
}

@article{Garcia-Fernandez+Svensson+Morelande:2015,
    author = {Garc\'ia-Fern\'andez, \'Angel F. and Svensson, Lennart and Morelande, Mark R. and Särkkä, Simo},
    journal = {IEEE Transactions on Signal Processing},
    title = {Posterior Linearization Filter: Principles and Implementation Using Sigma Points},
    year = {2015},
    volume = {63},
    number = {20},
    pages = {5561-5573},
    doi = {10.1109/TSP.2015.2454485},
    ISSN = {1053-587X},
    month = {October},
}

@inproceedings{MorelandeMoran2007,
    author = {Morelande, Mark R. and Moran, Bill},
    booktitle = {IEEE International Conference on Acoustics, Speech and Signal Processing (ICASSP)},
    title = {An Unscented Transformation for Conditionally Linear Models},
    year = {2007},
    pages = {1417--1420},
    doi = {10.1109/ICASSP.2007.367112},
    ISSN = {1520-6149},
    month = {April},
}

@inproceedings{MorelandeRistic2006,
    author = {Morelande, Mark R. and Ristic, Branko},
    booktitle = {IEEE International Conference on Acoustics Speech and Signal Processing (ICASSP)},
    title = {Reduced Sigma Point Filtering for Partially Linear Models},
    year = {2006},
    doi = {10.1109/ICASSP.2006.1660584},
    ISSN = {1520-6149},
    month = {May},
}

@article{Shephard1994,
    author = {Shephard, Neil}, 
    title = {Partial {non-Gaussian} state space},
    volume = {81}, 
    number = {1}, 
    pages = {115-131}, 
    year = {1994}, 
    doi = {10.1093/biomet/81.1.115}, 
    journal = {Biometrika} 
}

@article{Doucet+Godsill+Andrieu:2000,
    author = {Doucet, Arnaud and Godsill, Simon and Andrieu, Christophe},
    title = {On sequential {Monte Carlo} sampling methods for {Bayesian} filtering},
    journal = {Statistics and Computing},
    year = {2000},
    volume = {10},
    number = {3},
    pages = {197-208},
    issn = {1573-1375},
    doi = {10.1023/A:1008935410038},
}

@inproceedings{VanDerMerwe+Doucet+DeFreitas:2001,
    title = {The Unscented Particle Filter},
    author = {van der Merwe, Rudolph and Doucet, Arnaud and de Freitas, Nando and Wan, Eric A.},
    booktitle = {Advances in Neural Information Processing Systems},
    pages = {584-590},
    year = {2001},
}

@article{Roth+Hendeby+Gustafsson:2016,
  title = {Nonlinear {Kalman} Filters Explained: A Tutorial on Moment Computations and Sigma Point Methods},
  author = {Roth, Michael and Hendeby, Gustaf and Gustafsson, Fredrik},
  journal = {Journal of Advances in Information Fusion},
  volume = {11},
  number = {1},
  pages = {47-70},
  year = {2016}
}

@inproceedings{BeutlerHuberHanebeck2009,
    author = {Beutler, Frederik and Huber, Marco F. and Hanebeck, Uwe D.},
    booktitle = {Information Fusion, 2009. FUSION '09. 12th International Conference on},
    title = {Gaussian Filtering using state decomposition methods},
    year = {2009},
    pages = {579-586},
    month = {July},
}

@inproceedings{HuberBeutlerHanebeck2011,
    author = {Huber, Marco F. and Beutler, Frederik and Hanebeck, Uwe D.},
    booktitle = {Proceedings of the 2011 American Control Conference},
    title = {Semi-analytic {Gaussian} Assumed Density Filter},
    year = {2011},
    pages = {3006-3011},
    doi = {10.1109/ACC.2011.5991332},
    ISSN = {0743-1619},
    month = {June},
}

@article{ChangHuChang2012,
    author = {Chang, L. and Hu, B. and Chang, G. and Li, A.},
    journal = {IET Control Theory Applications},
    title = {Marginalised iterated unscented {Kalman} filter},
    year = {2012},
    volume = {6},
    number = {6},
    pages = {847-854},
    doi = {10.1049/iet-cta.2011.0457},
    ISSN = {1751-8644},
    month = {April},
}

@article{Lindsten+Bunch+Sarkka:2016,
    author = {Lindsten, Fredrik and Bunch, Pete and Särkkä, Simo and Schön, Thomas Bo and Godsill, Simon J.},
    journal = {IEEE Journal of Selected Topics in Signal Processing},
    title = {{Rao--Blackwellized} Particle Smoothers for Conditionally Linear {Gaussian} Models},
    year = {2016},
    volume = {10},
    number = {2},
    pages = {353-365},
    doi = {10.1109/JSTSP.2015.2506543},
    ISSN = {1932-4553},
    month = {March},
}

@article{GarciaFernandezMorelandeGrajal2012,
    author = {Garc\'ia-Fern\'andez, \'Angel F. and Morelande, Mark R. and Grajal, Jesus},
    journal = {IEEE Transactions on Signal Processing},
    title = {Truncated Unscented {Kalman} Filtering},
    year = {2012},
    volume = {60},
    number = {7},
    pages = {3372-3386},
    doi = {10.1109/TSP.2012.2193393},
    ISSN = {1053-587X},
    month = {July},
}

@article{Chang2014,
    author = {Chang, Guobin},
    journal = {IET Radar, Sonar Navigation},
    title = {Marginal unscented {Kalman} filter for cross-correlated process and observation noise at the same epoch},
    year = {2014},
    volume = {8},
    number = {1},
    pages = {54-64},
    doi = {10.1049/iet-rsn.2013.0095},
    ISSN = {1751-8784},
    month = {January},
}

@article{Ito+Xiong:2000,
    author = {Ito, Kazufumi and Xiong, Kaiqi},
    journal = {IEEE Transactions on Automatic Control},
    title = {Gaussian filters for nonlinear filtering problems},
    year = {2000},
    volume = {45},
    number = {5},
    pages = {910-927},
    doi = {10.1109/9.855552},
    ISSN = {0018-9286},
    month = {May},
}

@article{LefebvreBruyninckxDeSchutter2004,
    author = {Lefebvre, Tine and Bruyninckx, Herman and De Schutter, Joris},
    title = {Kalman filters for non-linear systems: a comparison of performance},
    journal = {International Journal of Control},
    volume = {77},
    number = {7},
    pages = {639-653},
    year = {2004},
    doi = {10.1080/00207170410001704998},
}

@inproceedings{SandblomSvensson2011,
    author = {Sandblom, Fredrik and Svensson, Lennart},
    booktitle = {Information Fusion (FUSION), 2011 Proceedings of the 14th International Conference on},
    title = {Marginalized sigma-point filtering},
    year = {2011},
    pages = {1-8},
    month = {July},
}

@article{LiuChang2015,
    author = {Liu, Ming and Chang, Guobin},
    title = {Gravity Matching Aided Inertial Navigation Technique Based on Marginal Robust Unscented {Kalman} Filter},
    journal = {Mathematical Problems in Engineering},
    volume = {2015},
    year = {2015},
    doi = {10.1155/2015/592480},
}

@article{Chang2014Navigation,
    author = {Chang,Guobin},
    title = {Loosely Coupled {INS/GPS} Integration with Constant Lever Arm using Marginal Unscented {Kalman} Filter},
    journal = {Journal of Navigation},
    volume = {67},
    issue = {03},
    month = {May},
    year = {2014},
    issn = {1469-7785},
    pages = {419-436},
    doi = {10.1017/S0373463313000775},
}

@article{SardiniSerpelloniPasqui2015,
    author = {Sardini, Emilio and Serpelloni, Mauro and Pasqui, Viviane},
    journal = {IEEE Transactions on Instrumentation and Measurement},
    title = {Wireless Wearable T-Shirt for Posture Monitoring During Rehabilitation Exercises},
    year = {2015},
    volume = {64},
    number = {2},
    pages = {439-448},
    doi = {10.1109/TIM.2014.2343411},
    ISSN = {0018-9456},
    month = {February},
}

@misc{Stockham2016,
    author = {Stockham, Nathaniel},
    title = {Opening the Black Box: Publishing {Pebble}'s activity-tracking algorithms},
    howpublished = {\url{https://medium.com/pebble-research/opening-the-black-box-publishing-pebbles-activity-tracking-algorithms-bebdb5a7383a}},
    month = {June},
    year = {2016}
}

@article{HylandHunterLiu2016,
    title = {Wearable thermoelectric generators for human body heat harvesting},
    author = {Hyland, Melissa and Hunter, Haywood and Liu, Jie and Veety, Elena and Vashaee, Daryoosh},
    journal ={Applied Energy},
    volume = {182},
    number = {},
    pages = {518-524},
    year = {2016},
    note = {},
    issn = {0306-2619},
    doi = {10.1016/j.apenergy.2016.08.150},
}

@inproceedings{WangLiHawkins2016,
    author = {Wang, Edward Jay and Li, William and Hawkins, Doug and Gernsheimer, Terry and Norby-Slycord, Colette and Patel, Shwetak N.},
    title = {{HemaApp}: Noninvasive Blood Screening of Hemoglobin Using Smartphone Cameras},
    booktitle = {Proceedings of the 2016 ACM International Joint Conference on Pervasive and Ubiquitous Computing},
    series = {UbiComp '16},
    year = {2016},
    isbn = {978-1-4503-4461-6},
    pages = {593--604},
    doi = {10.1145/2971648.2971653},
} 

@misc{Solin+Sarkka:2014,
    author = {Solin, Arno and Särkkä, Simo},
    title = {Hilbert Space Methods for Reduced-Rank {Gaussian} Process Regression},
    year = {2014},
    note = {arXiv:1401.5508},
}

@article{RahimpourMohammadzadeh2016,
    author = {Rahimpour, M. and Mohammadzadeh Asl, B.},
    title = {P-wave detection in {ECG} signals using an extended {Kalman} filter: An evaluation in different arrhythmia contexts},
    journal = {Physiological Measurement},
    volume = {37},
    number = {7},
    pages = {1089},
    year = {2016},
    doi = {10.1088/0967-3334/37/7/1089},
}

@article{BietzHayesMorris2016,
    author = {Bietz, Matthew J. and Hayes, Gillian R. and Morris, Margaret E. and Patterson, Heather and Stark, Luke},
    journal = {IEEE Pervasive Computing},
    title = {Creating Meaning in a World of Quantified Selves},
    year = {2016},
    volume = {15},
    number = {2},
    pages = {82-85},
    doi = {10.1109/MPRV.2016.39},
    ISSN = {1536-1268},
    month = {April},
}

@article{Harle2013,
    author = {Harle, Robert},
    journal = {IEEE Communications Surveys Tutorials},
    title = {A Survey of Indoor Inertial Positioning Systems for Pedestrians},
    year = {2013},
    volume = {15},
    number = {3},
    pages = {1281-1293},
    doi = {10.1109/SURV.2012.121912.00075},
    ISSN = {1553-877X},
}

@article{AngermannRobertson2012,
    author = {Angermann, Michael and Robertson, Patrick},
    journal = {Proceedings of the IEEE},
    title = {{FootSLAM}: Pedestrian Simultaneous Localization and Mapping Without Exteroceptive Sensors -- Hitchhiking on Human Perception and Cognition},
    year = {2012},
    volume = {100},
    number = {Special Centennial Issue},
    pages = {1840-1848},
    doi = {10.1109/JPROC.2012.2189785},
    ISSN = {0018-9219},
    month = {May}
}

@article{Foxlin2005,
    author = {Foxlin, Eric},
    journal = {IEEE Computer Graphics and Applications},
    title = {Pedestrian tracking with shoe-mounted inertial sensors},
    year = {2005},
    volume = {25},
    number = {6},
    pages = {38-46},
    doi = {10.1109/MCG.2005.140},
    ISSN = {0272-1716},
    month = {November},
}

@article{WelchFoxlin2002,
    author = {Welch, Greg and Foxlin, Eric},
    journal = {IEEE Computer Graphics and Applications},
    title = {Motion tracking: No silver bullet, but a respectable arsenal},
    year = {2002},
    volume = {22},
    number = {6},
    pages = {24-38},
    doi = {10.1109/MCG.2002.1046626},
    ISSN = {0272-1716},
    month = {November},
}

@article{ZhouHu2008,
    author = {Zhou, Huiyu and Hu, Huosheng},
    title = {Human motion tracking for rehabilitation -- A survey},
    journal = {Biomedical Signal Processing and Control},
    volume = {3},
    number = {1},
    pages = {1-18},
    year = {2008},
    note = {},
    issn = {1746-8094},
    doi = {10.1016/j.bspc.2007.09.001},
}

@article{ChenWeiFerryman2013,
    author = {Chen, Lulu and Wei, Hong and Ferryman, James},
    title = {A survey of human motion analysis using depth imagery},
    journal = {Pattern Recognition Letters},
    volume = {34},
    number = {15},
    pages = {1995-2006},
    year = {2013},
    note = {Smart Approaches for Human Action Recognition},
    issn = {0167-8655},
    doi = {10.1016/j.patrec.2013.02.006},
}

@article{LaraLabrador2013,
    author = {Lara, Oscar D. and Labrador, Miguel A.},
    journal = {IEEE Communications Surveys Tutorials},
    title = {A Survey on Human Activity Recognition using Wearable Sensors},
    year = {2013},
    volume = {15},
    number = {3},
    pages = {1192-1209},
    doi = {10.1109/SURV.2012.110112.00192},
    ISSN = {1553-877X},
    month = {},
}
 
@article{KimHelalCook2010,
    author = {Kim, Eunju and Helal, Sumi and Cook, Diane},
    journal = {IEEE Pervasive Computing},
    title = {Human Activity Recognition and Pattern Discovery},
    year = {2010},
    volume = {9},
    number = {1},
    pages = {48-53},
    doi = {10.1109/MPRV.2010.7},
    ISSN = {1536-1268},
    month = {January},
}

@article{AlemdarErsoy2010,
    author = {Alemdar, Hande and Ersoy, Cem},
    title = {Wireless sensor networks for healthcare: A survey},
    journal = {Computer Networks},
    volume = {54},
    number = {15},
    pages = {2688-2710},
    year = {2010},
    issn = {1389-1286},
    doi = {10.1016/j.comnet.2010.05.003},
}

@inproceedings{DAngeloWeberHonda2008,
    author = {D'Angelo, L. T. and Weber, S. and Honda, Y. and Thiel, T. and Narbonneau, F. and Lüth, T. C.},
    booktitle = {2008 30th Annual International Conference of the IEEE Engineering in Medicine and Biology Society},
    title = {A system for respiratory motion detection using optical fibers embedded into textiles},
    year = {2008},
    pages = {3694-3697},
    doi = {10.1109/IEMBS.2008.4650011},
    ISSN = {1094-687X},
    month = {August},
}

@article{WittNarbonneauSchukar2012,
    author={Witt, Jens and Narbonneau, Francois and Schukar, Markus and Krebber, Katerina and De Jonckheere, Julien and Jeanne, Mathieu and Kinet, Damien and Paquet, Bernard and Depré, Annick and D'Angelo, Lorenzo T. and Thiel, Torsten and Logier, Regis},
    journal = {IEEE Sensors Journal},
    title = {Medical Textiles With Embedded Fiber Optic Sensors for Monitoring of Respiratory Movement},
    year = {2012},
    volume = {12},
    number = {1},
    pages = {246-254},
    doi = {10.1109/JSEN.2011.2158416},
    ISSN = {1530-437X},
    month = {January},
}

@article{HadjidjSouilBouabdallah2013,
    author = {Hadjidj, Abdelkrim and Souil, Marion and Bouabdallah, Abdelmadjid and Challal, Yacine and Owen, Henry},
    title = {Wireless sensor networks for rehabilitation applications: Challenges and opportunities},
    journal = {Journal of Network and Computer Applications},
    volume = {36},
    number = {1},
    pages = {1-15},
    year = {2013},
    issn = {1084-8045},
    doi = {10.1016/j.jnca.2012.10.002},
}

@article{LeeLowTaher2010,
    author = {Lee, Guo Xiong and Low, Kay Soon and Taher, Tawfiq},
    journal = {IEEE Transactions on Instrumentation and Measurement},
    title = {Unrestrained Measurement of Arm Motion Based on a Wearable Wireless Sensor Network},
    year = {2010},
    volume = {59},
    number = {5},
    pages = {1309-1317},
    doi = {10.1109/TIM.2010.2043974},
    ISSN = {0018-9456},
    month = {May},
}

@inproceedings{LimLuoYeo2010,
    author = {Lim, Chee Kian and Chen, I-Ming and Zhiqiang Luo, Zhigiang and Yeo, Song Huat},
    booktitle = {2010 IEEE Conference on Robotics, Automation and Mechatronics},
    title = {A low cost wearable wireless sensing system for upper limb home rehabilitation},
    year = {2010},
    pages = {1-8},
    doi = {10.1109/RAMECH.2010.5513225},
    ISSN = {2158-2181},
    month = {June},
}

@article{NematiDeenMondal2012,
    author = {Nemati, Ebrahim and Deen, M. Jamal and Mondal, Tapas},
    journal = {IEEE Communications Magazine},
    title = {A wireless wearable {ECG} sensor for long-term applications},
    year = {2012},
    volume = {50},
    number = {1},
    pages = {36-43},
    doi = {10.1109/MCOM.2012.6122530},
    ISSN = {0163-6804},
    month = {January},
}

@inproceedings{SullivanDeissCauwenberghs2007,
    author = {Sullivan, Thomas J. and Deiss, Stephen R. and Cauwenberghs, Gert},
    booktitle = {2007 IEEE Biomedical Circuits and Systems Conference},
    title = {A Low-Noise, Non-Contact {EEG/ECG} Sensor},
    year = {2007},
    pages = {154-157},
    doi = {10.1109/BIOCAS.2007.4463332},
    ISSN = {2163-4025},
    month = {November},
}

@article{HaoFoster2008,
    author = {Hao, Yang and Foster, Robert},
    title = {Wireless body sensor networks for health-monitoring applications},
    journal = {Physiological Measurement},
    volume = {29},
    number = {11},
    year = {2008},
    doi = {10.1088/0967-3334/29/11/R01},
}

@article{PatelParkBonato2012,
    author = {Patel, Shyamal and Park, Hyung and Bonato, Paolo and Chan, Leighton and Rodgers, Mary},
    title = {A review of wearable sensors and systems with application in rehabilitation},
    journal = {Journal of NeuroEngineering and Rehabilitation},
    year = {2012},
    volume = {9},
    number = {1},
    pages = {1-17},
    issn = {1743-0003},
    doi = {10.1186/1743-0003-9-21},
}

@article{TaraldsenAskimSletvold2011,
    author = {Taraldsen, Kristin and Askim, Torunn and Sletvold, Olav and Einarsen, Elin Kristin and Grüner Bj{\r a}stad, Karianne and Indredavik, Bent and Helbostad, Jorunn Laegdheim},
    title = {Evaluation of a Body-Worn Sensor System to Measure Physical Activity in Older People With Impaired Function},
    volume = {91},
    number = {2},
    pages = {277-285},
    year = {2011},
    doi = {10.2522/ptj.20100159},
	publisher = {American Physical Therapy Association},
    issn = {0031-9023},
    journal = {Physical Therapy}
}

@article{MuscilloSchmidConforto2010,
    author = {Muscillo, R. and Schmid, M. and Conforto, S. and D’Alessio, T.},
    title = {An adaptive {Kalman}-based {Bayes} estimation technique to classify locomotor activities in young and elderly adults through accelerometers},
    journal = {Medical Engineering \& Physics},
    volume = {32},
    number = {8},
    pages = {849 - 859},
    year = {2010},
    issn = {1350-4533},
    doi = {10.1016/j.medengphy.2010.05.009},
}

@article{GodfreyBourkeOlaighin2011,
    author = {Godfrey, A. and Bourke, A. K. and Olaighin, G. M. and van de Ven, P. and Nelson, J.},
    title = {Activity classification using a single chest mounted tri-axial accelerometer},
    journal = {Medical Engineering \& Physics},
    volume = {33},
    number = {9},
    pages = {1127-1135},
    year = {2011},
    issn = {1350-4533},
    doi = {10.1016/j.medengphy.2011.05.002},
}

@article{KokHolSchon2014,
    author = {Kok, Manon and Hol, Jeroen D. and Schön, Thomas B.},
    title = {An optimization-based approach to human body motion capture using inertial sensors},
    journal = {2014 19th IFAC World Congress},
    volume = {47},
    number = {3},
    pages = {79-85},
    year = {2014},
    issn = {1474-6670},
    doi = {10.3182/20140824-6-ZA-1003.02252},
}

@book{Gustafsson2013,
    author = {Gustafsson, Fredrik},
    title = {Statistical Sensor Fusion},
    year = {2013},
    isbn = {978-9144077321},
    edition = {2},
    publisher = {Studentlitteratur AB}
}
