@comment{
    TODO:
        * Define \me command or something like that in the preamble; possibly looks for a global definition
}

@ieeetranbstctl{BSTcontrol,
    CTLdash_repeated_names = {no},
    CTLuse_alt_spacing = {no}
}

@preamble{"\providecommand{\markphdthesis}[0]{}"}

@comment{Journal Articles}
@comment{================}
@article{Hostettler+Tronarp+Garcia-Fernandez:2019,
    author = {Hostettler, Roland and Tronarp, Filip and Garc\'ia-Fern\'andez, \'Angel F. and Särkkä, Simo},
    title = {Importance Densities for Particle Filtering using Iterated Conditional Expectations},
    journal = {},
    year = {},
    month = {},
    volume = {},
    number = {},
    pages = {},
    doi = {},
    note = {Submitted to IEEE Signal Processing Letters}
}

@article{Kaltiokallio+Hostettler+Patwari:2018TMC,
    author = {Kaltiokallio, Ossi and Hostettler, Roland and Patwari, Neal},
    title = {A Novel {Bayesian} Filter for {RSS}-based Device-free Localization and Tracking},
    journal = {},
    year = {},
    month = {},
    volume = {},
    number = {},
    pages = {},
    doi = {},
    note = {Submitted to IEEE Transactions on Mobile Computing}
}

@article{Aftab+Hostettler+DeFreitas:2019,
    author = {Aftab, Waqas and Hostettler, Roland and De Freitas, Allan and Arvaneh, Mahnaz and Mihaylova, Lyudmila},
    title = {Spatio-Temporal {Gaussian} Process Models for Extended and Group Object Tracking with Irregular Shapes},
    journal = {IEEE Transactions on Vehicular Technology},
    year = {2019},
    month = {March},
    volume = {68},
    number = {3},
    pages = {2137--2151},
    doi = {10.1109/TVT.2019.2891006},
    issn = {0018-9545},
}

@article{Raitoharju+Garcia-Fernandez+Hostettler:2019,
    author = {Raitoharju, Matti and Garc\'ia-Fern\'andez, \'Angel F. and Hostettler, Roland and Piché, Robert and Särkkä, Simo},
    title = {{Gaussian} Mixture Models for Signal Mapping and Positioning},
    journal = {},
    year = {},
    month = {},
    volume = {},
    number = {},
    pages = {},
    doi = {},
    note = {Submitted to Signal Processing}
}

@article{HostettlerBirkLundberg2010,
	author = {Hostettler, Roland and Birk, Wolfgang and Lundberg Nordenvaad, Magnus},
	journal = {IET Intelligent Transport Systems},
	title = {Feasibility of Road Vibrations-based Vehicle Property Sensing},
	year = {2010},
	month = {December},
	volume = {4},
	number = {4},
	pages = {356-364},
	doi = {10.1049/iet-its.2010.0046},
    note = {\markphdthesis}
}

@article{HostettlerLundbergBirk2014,
	author = {Hostettler, Roland and Lundberg Nordenvaad, Magnus and Birk, Wolfgang},
	journal = {IEEE Transactions on Instrumentation and Measurement},
	title = {The Pavement as a Waveguide: Modeling, System Identification, and Parameter Estimation},
	year = {2014},
	volume = {63},
	number = {8},
	pages = {2052-2063},
	doi = {10.1109/TIM.2014.2304354},
	note = {\markphdthesis}
}

@article{WahlstromHostettlerGustafsson2014,
	author = {Wahlström, Niklas and Hostettler, Roland and Gustafsson, Fredrik and Birk, Wolfgang},
	journal = {IEEE Transactions on Intelligent Transportation Systems},
	title = {Classification of Driving Direction in Traffic Surveillance using Magnetometers},
	year = {2014},
	volume = {15},
	number = {4},
	pages = {1405-1418},
	doi = {10.1109/TITS.2014.2298199},
	note = {\markphdthesis}
}

@article{HostettlerBirkLundberg2015Sensors,
	author = {Hostettler, Roland and Birk, Wolfgang and Lundberg Nordenvaad, Magnus},
    journal = {IEEE Sensors Journal},
	title = {Joint Vehicle Trajectory and Model Parameter Estimation using Road Side Sensors},
	year = {2015},
    month = {September},
    volume = {15},
    number = {9},
    pages = {5075-5086},
    doi = {10.1109/JSEN.2015.2432748},
    ISSN = {1530-437X},
    note = {\markphdthesis}
}

@article{Hostettler+Djuric:2015,
	author = {Hostettler, Roland and Djuri\'{c}, Petar M.},
	journal = {IEEE Transactions on Vehicular Technology},
	title = {Vehicle Tracking Based on Fusion of Magnetometer and Accelerometer Sensor Measurements with Particle Filtering},
	year = {2015},
	month = {November},
	volume = {64},
	number = {11},
	pages = {4917-4928},
	doi = {10.1109/TVT.2014.2382644},
	issn = {0018-9545},
	note = {\markphdthesis}
}

@article{HostettlerBirkLundberg2016,
	author = {Hostettler, Roland and Birk, Wolfgang and Lundberg Nordenvaad, Magnus},
	journal = {IEEE Transactions on Automatic Control},
	title = {Maximum Likelihood Estimation of the Non-Parametric {FRF} for Pulse-Like Excitations},
	year = {2016},
    month = {August},
	volume = {61},
	number = {8},
	pages = {2276--2281},
	doi = {10.1109/TAC.2015.2491538},
    issn = {0018-9286},
	note = {\markphdthesis}
}

@article{Garcia-Fernandez+Hostettler+Sarkka:2019,
    author = {Garc\'ia-Fern\'andez, \'Angel F. and Hostettler, Roland and Särkkä, Simo},
    title = {{Rao--Blackwellized} posterior linearization backward simultaneous localization and mapping},
    journal = {IEEE Transactions on Vehicular Technology},
    year = {2019},
    month = {},
    volume = {},
    number = {},
    pages = {},
    doi = {10.1109/TVT.2019.2903569},
    issn = {0018-9545},
    note = {To appear}
}

@article{Hostettler+Sarkka:2019,
    author = {Hostettler, Roland and Särkkä, Simo},
    title = {{Rao--Blackwellized} {Gaussian} Smoothing},
    journal = {IEEE Transactions on Automatic Control},
    year = {2019},
    month = {January},
    volume = {64},
    number = {1},
    pages = {302--309},
    doi = {10.1109/TAC.2018.2828087},
    issn = {0018-9286},
    note = {},
}

@article{Yigitler+Kaltiokallio+Hostettler:2019,
    author = {Yi\u{g}itler, Hüseyin and Kaltiokallio, Ossi and Hostettler, Roland and Abrar, Alemayehu Solomon and Jäntti, Riku and Patwari, Neal and Särkkä, Simo},
    title = {{RSS} Models for Respiration Rate Monitoring},
    journal = {IEEE Transactions on Mobile Computing},
    year = {2019},
    month = {},
    volume = {},
    number = {},
    pages = {},
    doi = {10.1109/TMC.2019.2897682},
    note = {To appear}
}

@comment{
    Conference Proceedings
    ======================
}
@inproceedings{Hostettler+Garcia-Fernandez+Tronarp:2019,
    author = {Hostettler, Roland and Garc\'ia-Fern\'andez, \'Angel F. and Tronarp, Filip and Särkkä, Simo},
	title = {Joint Calibration of Inertial Sensors and Magnetometers using {von Mises--Fisher} Filtering and Expectation Maximization},
	booktitle = {22th International Conference on Information Fusion (FUSION)},
    pages = {},
    month = {July},
    year = {2019},
    note = {To appear},
    address = {Ottawa, Canada},
    doi = {}
}

@inproceedings{Kaltiokallio+Hostettler+Patwari:2018,
    author = {Kaltiokallio, Ossi and Hostettler, Roland and Patwari, Neal and Jäntti, Riku},
    title = {Recursive {Bayesian} Filters for {RSS}-based Device-free Localization and Tracking},
    booktitle = {9th International Conference on Indoor Positioning and Indoor Navigation (IPIN)},
    pages = {},
    month = {September},
    year = {2018},
    note = {},
    address = {Nantes, France},
    doi = {10.1109/IPIN.2018.8533772}
}

@inproceedings{Tronarp+Hostettler+Sarkka:2018,
    author = {Tronarp, Filip and Hostettler, Roland and Särkkä, Simo},
	title = {Continuous-Discrete {von Mises--Fisher} Filtering on ${S}^2$ for Reference Vector Tracking},
	booktitle = {21th International Conference on Information Fusion (FUSION)},
    pages = {},
    month = {July},
    year = {2018},
    note = {},
    address = {Cambridge, UK},
    doi = {10.23919/ICIF.2018.8455299}
}

@inproceedings{Hostettler+Lumikari+Palva:2018,
    author = {Hostettler, Roland and Lumikari, Tuomas and Palva, Lauri and Nieminen, Tuomo and Särkkä, Simo},
	title = {Motion Artifact Reduction in Ambulatory Electrocardiography Using Inertial Measurement Units and {Kalman} Filtering},
	booktitle = {21th International Conference on Information Fusion (FUSION)},
    pages = {},
    month = {July},
    year = {2018},
    note = {},
    address = {Cambridge, UK},
    doi = {10.23919/ICIF.2018.8455698},
}

@inproceedings{Hostettler+Schon:2018,
    author = {Hostettler, Roland and Schön, Thomas Bo},
    title = {Auxiliary-Particle-Filter-based Two-Filter Smoothing for {Wiener} State-Space Models},
	booktitle = {21th International Conference on Information Fusion (FUSION)},
    pages = {},
    month = {July},
    year = {2018},
    note = {},
    address = {Cambridge, UK},
    doi = {10.23919/ICIF.2018.8455323}
}

@inproceedings{Hostettler+Tronarp+Sarkka:2018,
	title = {Modeling the Drift Function in Stochastic Differential Equations using Reduced Rank {Gaussian} Processes},
	author = {Hostettler, Roland and Tronarp, Filip and Särkkä, Simo},
	booktitle = {18th IFAC Symposium on System Identification (SYSID)},
	month = {July},
	year = {2018},
	address = {Stockholm, Sweden},
    note = {},
	doi = {10.1016/j.ifacol.2018.09.137}
}

@inproceedings{HostettlerBirkLundberg2009,
	title = {Surface Mounted Vehicle Property Sensing For Cooperative Vehicle Infrastructure Systems},
	author = {Hostettler, Roland and Birk, Wolfgang and Lundberg Nordenvaad, Magnus},
	booktitle = {16th World Congress and Exhibition on Intelligent Transportation Systems},
	year = {2009},
	month = {September},
	address = {Stockholm, Sweden}
}

@inproceedings{HostettlerBirk2011,
	title = {Analysis of the Adaptive Threshold Vehicle Detection Algorithm Applied to Traffic Vibrations},
	booktitle = {18th IFAC World Congress},
	author = {Hostettler, Roland and Birk, Wolfgang},
	month = {August},
	year = {2011},
	address = {Milano, Italy},
	doi = {}
}

@inproceedings{WahlstromHostettlerGustafsson2012,
	author = {Wahlström, Niklas and Hostettler, Roland and Gustafsson, Fredrik and Birk, Wolfgang},
	booktitle = {IEEE International Conference on Acoustics, Speech and Signal Processing (ICASSP)},
	title = {Rapid Classification of Vehicle Heading Direction with Two-Axis Magnetometer},
	year = {2012},
	pages = {3385-3388},
	month = {March},
	address = {Kyoto, Japan},
	doi = {10.1109/ICASSP.2012.6288642}
}

@inproceedings{HostettlerLundbergBirk2012,
	title = {A System Identification Approach to Modeling of Wave Propagation in Pavements},
	author = {Hostettler, Roland and Lundberg Nordenvaad, Magnus and Birk, Wolfgang},
	booktitle = {16th IFAC Symposium on System Identification (SYSID)},
	month = {July},
	year = {2012},
	address = {Brussels, Belgium},
	doi = {}
}

@inproceedings{HostettlerBirkLundberg2012,
	author = {Hostettler, Roland and Birk, Wolfgang and Lundberg Nordenvaad, Magnus},
	booktitle = {51st IEEE Annual Conference on Decision and Control (CDC)},
	title = {Extended {Kalman} Filter for Vehicle Tracking using Road Surface Vibration Measurements},
	year = {2012},
	pages = {5643-5648},
	month = {December},
	address = {Maui, HI, USA},
	doi = {10.1109/CDC.2012.6426451}
}

@inproceedings{AlhashimiHostettlerGustafsson2014,
	title = {An Improvement in the Observation Model for {Monte Carlo} Localization},
	author = {Alhashimi, Anas and Hostettler, Roland and Gustafsson, Thomas},
	booktitle = {11th International Conference on Informatics in Control, Automation and Robotics},
	pages = {498-505},
	month = {September},
	year = {2014},
	address = {Vienna, Austria},
	doi = {}
}

@inproceedings{KleykoHostettlerBirk2015,
    title = {Comparison of Machine Learning Techniques for Vehicle Classification using Road Side Sensors},
    booktitle = {IEEE International Conference on Intelligent Transportation Systems},
    author = {Kleyko, Denis and Hostettler, Roland and Birk, Wolfgang and Osipov, Evgeny},
    pages = {},
    month = {September},
    year = {2015},
    address = {Las Palmas, Spain},
    doi = {10.1109/ITSC.2015.100}
}

@inproceedings{Hostettler2015,
	title = {A Two Filter Particle Smoother for {Wiener} State-Space Systems},
	booktitle = {IEEE Conference on Control Applications (CCA)},
	author = {Hostettler, Roland},
	pages = {},
	month = {September},
	year = {2015},
	address = {Sydney, Australia},
	doi = {10.1109/CCA.2015.7320664}
}

@inproceedings{Tronarp+Hostettler+Sarkka:2016,
    author = {Tronarp, Filip and Hostettler, Roland and Särkkä, Simo},
	title = {Sigma-Point Filtering for Nonlinear Systems with Non-Additive Heavy-Tailed Noise},
	booktitle = {19th International Conference on Information Fusion (FUSION)},
    pages = {1859-1866},
    month = {July},
    year = {2016},
    note = {},
    address = {Heidelberg, Germany},
    doi = {}
}

@inproceedings{Hostettler+Sarkka:2016,
    author = {Hostettler, Roland and Särkkä, Simo},
    title = {{IMU} and Magnetometer Modeling for Smartphone-based {PDR}},
    booktitle = {7th International Conference on Indoor Positioning and Indoor Navigation (IPIN)},
    pages = {},
    month = {October},
    year = {2016},
    note = {},
    address = {Alcalá de Henares, Spain},
    doi = {},
}

@inproceedings{AttaHostettlerBirk2016,
    author = {Atta, Khalid T. and Hostettler, Roland and Birk, Wolfgang and Johansson, Andreas},
    title = {Phasor Extremum Seeking Control with Adaptive Perturbation Amplitude},
	booktitle = {55th IEEE Annual Conference on Decision and Control (CDC)},
    pages = {},
    month = {December},
    year = {2016},
    address = {Las Vegas, NV, USA},
    doi = {10.1109/CDC.2016.7799358}
}

@inproceedings{KleykoHostettlerLyamin2016,
    title = {Vehicle Classification using Road Side Sensors and Feature-free Data Smashing Approach},
    booktitle = {IEEE International Conference on Intelligent Transportation Systems},
    author = {Kleyko, Denis and Hostettler, Roland and Lyamin, Nikita and Birk, Wolfgang and Wiklund, Urban and Osipov, Evgeny},
    pages = {},
    month = {November},
    year = {2016},
    address = {Rio de Janeiro, Brazil},
    doi = {10.1109/ITSC.2016.7795877}
}

@inproceedings{Hostettler+Kaltiokallio+Yigitler:2017,
    title = {{RSS}-based Respiratory Rate Monitoring using Periodic {Gaussian} Processes and {Kalman} Filtering},
    booktitle = {25th European Signal Processing Conference (EUSIPCO)},
    author = {Hostettler, Roland and Kaltiokallio, Ossi and Yi\u{g}itler, Hüseyin and Särkkä, Simo and Jäntti, Riku},
    pages = {},
    month = {August},
    year = {2017},
    address = {Kos, Greece},
    doi = {10.23919/EUSIPCO.2017.8081208},
    note = {}
}

@inproceedings{Hostettler+Sarkka+Godsill:2017,
    title = {{Rao--Blackwellized} particle {MCMC} for parameter estimation in spatio-temporal {Gaussian} processes},
    booktitle = {27th IEEE International Workshop on Machine Learning for Signal Processing (MLSP)},
    author = {Hostettler, Roland and Särkkä, Simo and Godsill, Simon J.},
    pages = {},
    month = {September},
    year = {2017},
    address = {Tokyo, Japan},
    doi = {},
    note = {}
}

@comment{
    Conference Abstracts and Non-Refereed Meetings
    ==============================================
}
@inproceedings{Brucken+Gadda+Hostettler:2019,
    author = {Brücken, Erik and Gädda, A. and Hostettler, Roland and Kirschenmann, Stefanie and Litichevskyi, V. and Luukka, Panja and Ott, Jennifer and Purisha, Zenith and Siiskonen, T. and Särkkä, Simo and Tikkanen, J. and Tuuva, T. and Winkler, Alexander},
    title = {Multispectral photon-counting for medical imaging and beam characterization},
    booktitle = {Physics Days 2019},
    year = {2019},
    address = {Helsinki, Finland},
    note = {{Extended Abstract}}
}

@inproceedings{Winkler+Purisha+Hostettler:2018,
    author  = {Winkler, Alexander and Purisha, Zenith and Hostettler, Roland and Luukka, Panja and Särkkä, Simo},
    title = {A Virtual Neutron Anti-Scatter Grid for Future {Cd(Zn)Te}-based {BNCT-SPECT} Systems},
    booktitle = {18th International Congress on Neutron Capture Therapy (ICNCT)},
    month = {},
    year = {2018},
    address = {Taipei, Taiwan},
    note = {{Extended Abstract}}
}

@inproceedings{Hostettler+Tronarp+Sarkka:2018:Benchmarks,
    author = {Hostettler, Roland and Tronarp, Filip and Särkkä, Simo},
    title = {Nonparametric Drift Model for Stochastic Differential Equations},
    booktitle = {International Workshop on Nonlinear System Identification Benchmarks},
    month = {April},
    year = {2018},
    address = {Liège, Belgium},
    note = {{Extended Abstract}}
}

@inproceedings{HostettlerKarvonenTronarp2017,
    author = {Hostettler, Roland and Karvonen, Toni and Tronarp, Filip and Särkkä, Simo},
    title = {Backward Simulation Smoothing for {Gaussian} Process State-Space Models},
    booktitle = {4th International Workshop on Sequential Monte Carlo Methods},
    month = {August},
    year = {2017},
    address = {Uppsala, Sweden},
    note = {{Poster Presentation}}
}

@inproceedings{HostettlerBirkLundberg2010Reglermote,
    author = {Hostettler, Roland and Birk, Wolfgang and Lundberg Nordenvaad, Magnus},
    title = {Vehicle Detection and Property Estimation Based on Road Surface Vibrations},
    booktitle = {Reglermöte},
    month = {June},
    year = {2010},
    address = {Lund, Sweden}
}

@inproceedings{RiliskisOsipovHostettler2011,
    author = {Riliskis, Laurynas and Osipov, Evgeny and Hostettler, Roland and Mäkitaavola, Henrik and Birk, Wolfgang and Eliasson, Jens},
    title = {Enabling remote controlled road surface networks for enhanced {ITS}},
    booktitle = {European Conference on Wireless Sensor Networks (EWSN)},
    year = {2011},
    address = {Bonn, Germany},
    note = {{Demo Abstract}}
}

@inproceedings{WahlstromHostettlerGustafsson2012Reglermote,
    author = {Wahlström, Niklas and Hostettler, Roland and Gustafsson, Fredrik and Birk, Wolfgang},
    title = {Using Two-Axis Magnetometer for Classification of Vehicle Heading Direction},
    month = {June},
    year = {2012},
    booktitle = {Reglermöte},
    address = {Uppsala, Sweden}
}

@inproceedings{HostettlerBirkLundberg2012Reglermote,
    author = {Hostettler, Roland and Birk, Wolfgang and Lundberg Nordenvaad, Magnus},
    title = {Extended {Kalman} Filter for Vehicle Tracking using Road Surface Vibration Measurements},
    month = {June},
    year = {2012},
    booktitle = {Reglermöte},
    address = {Uppsala, Sweden}
}

@inproceedings{HostettlerDjuric2014Reglermote,
    title = {Sensor Fusion for Magnetometer- and Accelerometer-based Vehicle Tracking},
    author = {Hostettler, Roland and Djurić, Petar M.},
    year = {2014},
    month = {June},
    booktitle = {Reglermöte},
    address = {Linköping, Sweden},
    note = {{Extended Abstract}}
}


@comment{
    Patents
    =======
}
@misc{BirkHostettlerBardov2013,
	title = {Vehicle Speed Determination},
	author = {Birk, Wolfgang and Hostettler, Roland and Bardov, Vladimir and Obertov, Dmitrii},
	year = {2013},
	type = {Patent},
	note = {EP 2677323A1}
}

@comment{
    Talks
    =====
}
@misc{Hostettler2017Sheffield,
    author = {Hostettler, Roland},
    title = {{RSS}-based Indoor Localization using {Gaussian} Processes},
    year = {2017},
    address = {University of Sheffield, Sheffield, UK}
}

@misc{Hostettler2015Elektronikdagen,
    author = {Hostettler, Roland},
    title = {{VIT-Pre}: Project Presentation},
    year = {2015},
    address = {Stora Elektronikdagen, Svensk Elektronik, Stockholm, Sweden}
}

@misc{Hostettler2015KTH,
    author = {Hostettler, Roland},
    title = {Machine Learning in Cyber-physical Systems},
    year = {2015},
    address = {{EIT Digital CPS Summer School, KTH Royal Institute of Technology, Stockholm, Sweden}}
}

@misc{Hostettler2014Linkoping,
    author = {Hostettler, Roland},
    title = {Traffic Monitoring using Road Side Sensors: Modeling and Estimation},
    year = {2014},
    address = {{Linköping University, Linköping, Sweden}},
}

@comment{
    Theses
    ======
}
@phdthesis{Hostettler2006,
	title = {Smart Charging Station},
	author = {Hostettler, Roland},
	year = {2006},
	month = {December},
	school = {Bern University of Applied Sciences},
	type = {{Dipl. Ing. FH Thesis}},
}

@phdthesis{Hostettler2009,
	title = {Traffic Counting Using Measurements of Road Surface Vibrations},
	author = {Hostettler, Roland},
	year = {2009},
	month = {October},
	school = {Luleå University of Technology},
	type = {{M.Sc. Thesis}},
	issn = {1653-0187}
}

@phdthesis{Hostettler2012,
	title = {Vehicle Parameter Estimation using Road Surface Vibrations},
	author = {Hostettler, Roland},
	year = {2012},
	month = {May},
	school = {Luleå University of Technology},
	type = {{Licentiate Thesis}},
	issn = {1402-1757},
	isbn = {978-91-7439-428-3}
}

@phdthesis{Hostettler2014,
	title = {Traffic Monitoring using Road Side Sensors: Modeling and Estimation},
	author = {Hostettler, Roland},
	year = {2014},
	month = {June},
	school = {Luleå University of Technology},
	type = {{Ph.D. Thesis}},
	issn = {1402-1544},
	isbn = {978-91-7439-957-8}
}

