%% LaTeX2e file `parapub.bib'
%% generated by the `filecontents' environment
%% from source `parapub' on 2014/04/09.
%%
@article{Hostettler2014,
    author = {Hostettler, Roland},
    title = {Parallel Publishing Toolbox},
    month = {April},
    year = {2014},
    journal = {Transactions on LaTeX Packages},
    number = {1},
    volume = {1}
}
